3014 4662
471 421 783 488 PUNICORUM
806 425 898 490 Ltn.
923 427 972 492 ll.
1183 455 1242 522 ¹²9

202 567 314 632 Exesis
327 565 442 654 fugere
454 567 561 652 genis3
570 563 640 655 jam
653 561 760 628 lurida
772 563 841 628 sola

199 673 304 736 Tecta
316 687 406 750 cute,
420 685 452 734 et
464 671 556 733 venis
569 669 654 733 male
662 668 778 758 juncta
790 669 1006 738 trementibus
1019 695 1092 740 ossa

203 779 353 855 Exstant,
367 776 547 842 consumtis
559 775 630 839 visu
643 772 802 838 deformia
816 774 982 842 membris.

206 882 383 947 Humentis
396 905 486 946 rores
500 883 604 946 noctis
618 895 805 971 terramque
818 880 1007 947 madentem

203 989 357 1056 Solamen
371 989 480 1053 fecere
492 986 584 1065 mali,
598 1008 756 1077 cassoque
769 985 881 1052 labore

205 1096 332 1159 Esicco
345 1096 465 1160 fusstra
476 1109 669 1182 presserunt
679 1091 800 1156 robore
813 1115 937 1158 succos.

205 1200 258 1265 nil
270 1219 432 1266 temerare
445 1201 554 1288 piget:
568 1197 672 1262 rabidi
680 1197 806 1288 jejunia
820 1201 942 1264 ventris

205 1305 349 1370 insolitis
361 1303 498 1395 adigunt
510 1305 613 1381 vesci,
627 1303 852 1392 resolutaque,
866 1304 974 1370 nudos

203 1413 408 1502 Linquentes
420 1412 560 1499 clipeos,
573 1431 743 1474 armorum
756 1409 900 1496 tegmina
912 1408 1084 1478 mandunt.

234 1588 288 1650 467.
299 1592 373 1634 nervo
382 1590 472 1650 scripsit
482 1590 563 1636 netes.
574 1587 638 1636 libris
647 1603 695 1634 uon
702 1586 876 1642 addicentibus,
888 1585 933 1634 boe
943 1599 989 1642 su,
1001 1587 1148 1648 tendluibus,
1158 1605 1253 1640 muscu-

202 1657 241 1713 lis,
253 1658 394 1721 ligamentis,
403 1675 455 1722 qu:
463 1675 477 1706 a
486 1661 587 1718 Gracia,
597 1662 620 1706 iu
630 1659 715 1722 quibus
725 1657 789 1706 rudis
798 1661 828 1704 sit
838 1657 1018 1712 Drakenborch,
1028 1661 1069 1722 qui
1080 1659 1181 1708 absurde
1190 1669 1252 1710 ustis

207 1729 319 1786 ediderit,
334 1731 439 1782 τίνοντας
455 1745 479 1780 et
497 1731 564 1793 nipe
579 1733 656 1779 soceri
671 1746 714 1778 uos
729 1731 806 1784 docet,
823 1728 868 1776 Sed
884 1731 918 1776 sir
934 1729 1016 1777 doetus
1031 1733 1136 1790 ipuorsre
1148 1733 1252 1792 videsue,

204 1815 272 1846 vem
284 1803 358 1862 poetis
370 1817 391 1846 r.
403 1817 425 1849 o.
438 1802 502 1864 Vis-q.
515 1804 602 1864 Georq
614 1802 655 1856 tv,
668 1799 725 1855 238,
736 1812 759 1846 et
767 1800 816 1848 aliis
828 1801 897 1846 eu'sm
909 1811 985 1846 cutem
996 1811 1118 1864 totumque
1129 1801 1189 1849 adeo
1200 1819 1253 1850 cor·

205 1885 249 1932 pus
260 1870 320 1926 dici,
333 1884 358 1917 et
369 1873 439 1918 serbe
449 1877 510 1919 venis
523 1881 614 1919 memet
622 1871 690 1934 junqi
700 1887 776 1933 posse.
790 1896 820 1907 -
832 1870 885 1926 468.
899 1869 1016 1927 membris,
1028 1885 1074 1916 nou
1086 1875 1172 1930 uersis,
1184 1875 1254 1938 serip-

207 1942 231 1988 ti.
241 1942 293 1988 vid
307 1941 336 1988 ad
349 1945 372 1998 l,
389 1958 438 2006 ¹77·
453 1943 545 2004 -469,
561 1943 664 1990 Umsno's
676 1941 725 1988 Col.
737 1941 784 1986 sid.
796 1939 826 1988 sd
837 1955 859 1986 s.
876 1939 926 1986 ns.
938 1941 1040 1986 Viventis
1049 1941 1091 1986 01.
1104 1941 1165 1988 uode
1178 1941 1254 1988 erss·

206 2017 234 2058 tis
245 2014 306 2074 conj.
320 2013 398 2062 Bartb
411 2015 469 2062 adv.
478 2017 524 2069 vt,
539 2015 583 2070 25,
598 2027 621 2061 et
633 2016 661 2060 Ν.
674 2014 753 2060 lisine.
765 2014 805 2075 qui
817 2010 842 2058 id
853 2012 936 2074 pessim
952 2014 1026 2074 puetis
1040 2011 1150 2060 obtrudit.
1165 2015 1210 2062 Sed
1228 2027 1255 2063 ut

206 2093 310 2138 taceam,
322 2081 387 2146 quod
399 2083 469 2130 Drak.
481 2095 575 2140 mouet,
586 2080 613 2130 ui
625 2085 718 2130 viventis
730 2083 827 2144 propius
837 2081 867 2128 ad
881 2083 987 2130 ementis.
997 2081 1106 2143 quemad
1119 2087 1205 2130 urentis
1216 2083 1256 2130 sd-

206 2154 290 2200 eedere
300 2189 307 2210 ,
319 2171 391 2218 quum
401 2155 474 2202 litere
489 2159 513 2202 iu
529 2168 553 2202 et
568 2171 590 2200 m
601 2157 626 2202 iu
637 2153 783 2217 longobard.
796 2155 907 2216 scripture
920 2155 956 2200 sis
967 2153 1065 2200 discerni
1082 2155 1183 2215 possint,
1196 2155 1255 2218 quid

209 2240 290 2288 queso
301 2225 417 2288 vulgatum
427 2242 516 2274 mutare
529 2243 571 2276 uos
583 2229 659 2290 copiti
671 2227 717 2274 vid.
730 2226 761 2272 ad
771 2227 796 2284 i,
810 2227 863 2287 ²⁵9·
871 2249 902 2262 -
911 2224 965 2288 ⁴7²·
977 2233 1062 2271 tentem
1074 2224 1165 2274 volebas
1177 2227 1253 2274 deuii.

198 2295 225 2358 .¹·
240 2313 260 2342 e.
272 2296 346 2344 Male!
357 2323 388 2333 -
398 2298 459 2361 473,
471 2298 525 2363 474.
534 2298 629 2361 Vulgata
641 2299 710 2346 lectio
721 2297 788 2361 plane
801 2298 877 2360 inepte
889 2296 1010 2342 videbatur
1022 2298 1049 2342 Ν.
1064 2297 1154 2354 item..
1166 2301 1207 2362 qui
1219 2315 1256 2348 ss.

208 2435 260 2502 466
270 2453 309 2507 sq.
320 2437 406 2490 Exesis
416 2439 488 2490 conf.
499 2439 582 2490 beuti.
597 2438 631 2490 ad
641 2441 705 2492 lior.
779 2436 895 2508 dpall'il
900 2449 1020 2488 temerare
1023 2437 1103 2510 pipet,
1112 2441 1253 2514 nonpiqet,

209 2515 294 2587 Epotl.
305 2520 337 2581 V,
353 2519 396 2587 37.
410 2547 444 2557 -
460 2517 546 2570 lurida
561 2517 616 2571 sola
630 2519 708 2570 Tecta
749 2515 1257 2584 omniu,corium,etc.temerare,lt.ede·

208 2607 265 2648 cute
274 2615 341 2658 σπι,-
352 2598 423 2649 coni.
433 2597 525 2649 Horat.
534 2597 619 2672 Epod.
628 2601 709 2666 XVll,
755 2595 883 2662 re,vsl,nt
891 2595 924 2645 N.
935 2597 1022 2647 Heius.
1033 2599 1150 2666 exponit,
1156 2597 1256 2652 violare

212 2691 258 2739 αι,
276 2674 367 2748 ibique
386 2677 469 2729 Bentl.
483 2677 560 2729 Conf.
572 2677 707 2730 l'neocrit.
756 2695 845 2728 morsu
856 2693 896 2727 res
908 2693 966 2740 eas,
977 2693 1035 2748 qna
1046 2677 1126 2728 victui
1136 2675 1255 2732 humano

209 2757 246 2817 11,
258 2755 291 2807 88
304 2773 344 2826 sq.
356 2755 458 2808 Gallim.
472 2757 565 2828 Hymn.
578 2759 605 2809 in
615 2759 673 2810 Cer.
684 2775 709 2809 v.
755 2775 810 2808 non
830 2767 890 2807 sunt
909 2755 1061 2818 destinate,
1082 2755 1154 2830 quod
1175 2757 1255 2812 Dralt.

211 2836 316 2904 93,94,
327 2834 373 2887 nbi
382 2836 435 2887 vid.
444 2835 541 2909 Spanb.
551 2837 630 2889 Drelt.
640 2855 711 2890 com·
755 2835 894 2888 confirmet
907 2833 967 2886 loco
977 2834 1053 2891 Ovid.
1070 2835 1132 2888 Met.
1145 2835 1201 2906 XV,
1213 2839 1255 2909 75.

151 2942 156 2952 ·
210 2917 313 2986 paravit
322 2917 414 2969 Seuec.
425 2917 551 2970 Controv.
561 2920 587 2984 1,
598 2936 619 2970 1.
629 2917 712 2985 Quin·
755 2916 824 2966 Nem
842 2923 963 2965 temerare
974 2927 1013 2964 est
1030 2913 1132 2986 aliquid
1150 2917 1256 2986 iacere,

212 2994 251 3046 til.
262 2994 379 3046 Declam.
392 2997 452 3058 XII,
462 3015 489 3068 p.
503 3011 567 3059 ato,
579 3011 604 3049 et
615 2996 710 3050 Claud.
757 3013 810 3066 quo
819 2993 1073 3046 nobisinterdictnm
1086 3007 1135 3060 est,
1148 2997 1188 3050 vel
1200 3015 1258 3052 ests

210 3073 273 3126 bell.
283 3073 355 3126 Gild.
366 3093 390 3126 v.
403 3093 432 3128 αι
446 3095 501 3149 seq.
514 3077 617 3146 -471,
632 3077 710 3128 Coni.
756 3065 868 3126 videtur.
880 3071 957 3124 Conf.
968 3069 1001 3122 ad
1013 3075 1038 3138 l,
1051 3075 1187 3140 tt,etlli,
1197 3077 1256 3128 501.

212 3154 272 3206 seo.
284 3153 318 3205 de
330 3157 369 3206 lra
381 3157 429 3220 ΠΙ,
445 3172 492 3217 πος
505 3157 558 3207 niv.
571 3157 667 3223 xxm,
681 3175 711 3226 ¹9
756 3185 791 3195 —
803 3151 989 3226 rabidijejnnia
1000 3154 1094 3206 ventris
1106 3167 1134 3204 ut
1146 3155 1202 3208 iere
1214 3175 1258 3228 ap.

212 3233 296 3294 et303
306 3234 483 3297 Cie.Verr.V,
494 3233 542 3298 33,
553 3233 712 3305 38.-srns·
756 3235 829 3304 virg.
846 3233 902 3285 AEn.
922 3233 960 3294 tt,
976 3231 1041 3291 356;
1056 3229 1190 3286 'Aes'lmss
1205 3233 1260 3286 λόο-

214 3323 254 3364 tra
265 3331 325 3364 cum
335 3331 401 3366 casso
413 3312 510 3379 labore,
522 3327 548 3366 et
558 3313 637 3366 verbe
648 3331 713 3366 rores
759 3333 801 3366 oei
812 3311 848 3364 risi
858 3307 998 3378 floiipmo
1012 3307 1103 3362 iventii
1112 3313 1198 3382 precepi
1213 3333 1260 3380 φυ-

214 3393 294 3444 ssoetis
307 3411 366 3443 enm
381 3403 445 3445 terra
460 3393 604 3444 madentem
618 3395 713 3464 juncta
758 3389 839 3446 triers·
849 3389 914 3444 dixit
924 3389 1143 3462 Oppinnfruwe.
1153 3395 1175 3446 ll
1181 3431 1189 3461 ,
1199 3411 1256 3466 ²⁰7·

213 3471 349 3542 languent.
363 3473 484 3544 Nugatur
494 3473 526 3523 D.
537 3473 627 3524 Heius.
638 3474 713 3542 cujus
757 3501 793 3512 -
802 3471 868 3541 473,
879 3469 939 3540 474.
949 3467 1047 3536 Pelles,
1058 3471 1098 3524 vel
1110 3474 1183 3524 corin
1195 3489 1259 3527 reto-

213 3549 343 3602 baecnota
356 3564 411 3602 est:
425 3553 556 3614 «Mirum,
569 3553 715 3604 siccitatem
759 3551 815 3603 luta
829 3550 857 3602 b.
874 3550 967 3621 clipeis
982 3547 1115 3617 detracta,
1137 3553 1261 3610 comede·

215 3631 278 3680 femi
298 3631 408 3701 opponi.
420 3634 469 3682 ,lta
491 3643 593 3697 tamen,
613 3643 642 3682 ut
660 3631 715 3684 bae
759 3631 838 3695 bant,
849 3631 948 3682 relictis
958 3627 1035 3680 nudis
1046 3629 1192 3702 clipeorum
1205 3653 1262 3688 cra·

216 3709 304 3760 omnia
314 3707 532 3780 magisloquendi
542 3727 638 3780 genera
648 3725 715 3776 esse,
760 3709 847 3761 tibus:
862 3720 891 3758 ut
901 3707 983 3760 Drelr.
991 3709 1046 3776 jam
1057 3715 1210 3782 exposuisse
1221 3715 1263 3766 vi·

216 3803 296 3858 quasa
310 3785 345 3838 ad
357 3787 495 3840 historiam
507 3790 656 3860 pertinere,
672 3807 717 3840 co·
761 3785 821 3840 deo.
833 3785 884 3840 Sed
896 3787 984 3839 malim
999 3789 1054 3841 fere
1067 3791 1177 3844 resoluta
1189 3793 1263 3846 adci-

216 3882 343 3938 pnoseas:
357 3867 443 3920 Greci
460 3880 532 3920 certe
548 3869 645 3939 insigni
661 3867 717 3920 ele·
761 3885 825 3940 pere
836 3865 870 3918 tle
885 3865 1051 3938 liquefactis,
1062 3871 1102 3922 vel
1116 3891 1185 3943 uque
1196 3873 1264 3924 mol·

216 3947 307 4018 gantis
320 3946 455 4012 ltm‘t‘l'
468 3945 501 3999 ds
513 3945 621 3998 bomine
631 3963 715 4016 egeno
762 3947 817 4000 litis
829 3945 957 4020 pellibus,
971 3959 1000 3999 ut
1020 3950 1197 4004 uCusilinutes
1213 3951 1264 4000 ob-

219 4023 311 4076 dicsnt
324 4037 352 4076 et
362 4026 500 4096 famelico,
517 4039 544 4079 et
560 4025 716 4094 diceudo„
764 4027 868 4081 sidione
888 4027 1045 4080 Hannibalis
1058 4031 1178 4092 clau-ne,
1192 4029 1264 4096 loru,

219 4102 320 4157 callim.
331 4107 363 4156 tl.
374 4107 402 4158 in
415 4107 474 4159 cer.
490 4107 550 4174 114,
561 4117 588 4158 et
599 4104 639 4156 isi
648 4105 720 4176 ξψῖ·
766 4107 922 4160 necessariis
930 4107 1096 4160 vinculorum
1106 4109 1197 4160 usibus
1206 4107 1266 4158 sub·

220 4183 477 4251 nsdsfsis'l'lneocr.
491 4189 517 4253 l,
529 4185 571 4238 50.
583 4209 594 4236 s
768 4187 864 4255 ducta,
878 4207 946 4260 eque
964 4191 1044 4242 scutis
1062 4189 1194 4242 detrectas
1208 4187 1266 4258 pel-

295 4290 317 4328 ι·
1108 4295 1126 4348 9
