3014 4662
306 433 341 498 C.
363 431 478 497 SlLlI
498 430 996 498 mehler-punientium
1013 435 1099 498 LIB.
1118 434 1163 497 ll.
1211 435 1251 498 85

216 553 298 613 bello
314 553 511 626 lacessantur,
527 552 694 632 ayo-326.
707 553 765 610 llic
778 573 864 626 vero,
879 552 1008 614 factioni
1023 558 1173 631 Barcinae,
1187 577 1255 638 quar

217 641 300 724 apud
319 641 430 702 milites
445 639 631 723 plebemque
646 640 815 720 plurimum
831 643 930 721 gratia
945 642 1079 718 valebat,
1100 644 1257 718 addictus,

216 731 381 791 Hannonis
406 735 576 790 orationem
603 727 730 802 refellit,
752 729 839 788 etad
859 730 976 789 bellurn
996 735 1160 810 Romania,
1179 733 1256 794 duce

217 819 407 894 Hannibale,
430 819 600 879 fortissimo
622 819 727 898 reique
752 819 892 877 militaris
920 822 1106 901 peritissimo
1129 821 1257 903 juvene,

219 907 433 982 inferendum,
453 905 593 967 Patribus
614 907 752 964 animum
777 907 928 980 incendit;
949 909 1115 993 327-375.
1137 910 1258 986 Quibus

219 998 412 1056 orationibus
424 995 545 1070 habitis,
556 997 692 1056 Hannon
706 1016 752 1054 res
759 997 936 1075 Saguntinis
950 995 1121 1058 reddendas
1133 1013 1163 1057 et
1174 1000 1259 1064 llan-

217 1085 354 1144 nibaleur
368 1089 515 1146 Romanis
530 1083 706 1144 dedendum
723 1099 840 1144 censet:
865 1105 932 1165 quar
947 1089 1098 1147 sententia
1114 1089 1257 1147 omniurn

217 1171 293 1248 fere,
315 1175 367 1252 qui
384 1172 509 1247 adsunt,
532 1171 780 1252 indignationem
798 1185 910 1232 moret.
926 1171 1040 1234 Fabius
1055 1177 1174 1256 itaque,
1187 1179 1257 1234 sinu

219 1261 334 1336 effuso,
350 1261 467 1322 bellum
481 1263 583 1322 Poenis
598 1261 720 1336 indicit,
739 1275 852 1320 etcum
869 1263 996 1343 reliquis
1008 1262 1115 1346 legatis
1127 1266 1257 1324 Romam

217 1348 310 1421 redit3
330 1349 496 1430 376-390.
517 1349 591 1407 Haec
608 1347 683 1407 dum
698 1346 884 1428 Carthagine
898 1364 1062 1430 geruntur,
1085 1351 1259 1425 llannibal,
1322 1366 1324 1372 '

218 1438 339 1519 aliquot
352 1438 490 1520 populis,
510 1439 563 1517 qui
578 1436 772 1512 defecerant,
792 1452 915 1520 repente
929 1438 1092 1520 obpressis,
1112 1441 1259 1500 omnibus

217 1529 312 1610 copiis
328 1529 499 1610 Saguntum
518 1528 701 1608 obpugnare
715 1543 903 1610 perseverat,
924 1543 953 1587 et
972 1529 1059 1589 laetus
1073 1529 1190 1611 adcipit
1205 1529 1260 1589 cli··

217 1637 324 1698 peum,
340 1616 461 1698 aliaque
475 1637 575 1692 arma,
591 1617 630 1674 ab
645 1617 794 1697 Hispanis
806 1616 862 1676 sibi
878 1616 964 1676 dono
975 1619 1082 1692 missa,
1096 1620 1129 1678 in
1145 1616 1259 1701 quibus

218 1715 328 1785 praeter
339 1703 400 1762 alia
413 1705 548 1786 origines
561 1717 589 1762 et
603 1703 665 1763 fata
678 1702 888 1783 Carthaginis,
901 1702 1052 1786 singulari
1065 1727 1158 1788 opera
1173 1721 1202 1765 et
1214 1727 1261 1764 ar-

217 1793 312 1854 tificio
331 1813 484 1875 expressa,
505 1793 652 1866 miratur3
675 1789 842 1872 391-456.
864 1793 1026 1873 Saguntini
1042 1795 1108 1873 jam
1132 1795 1258 1853 unicam

218 1903 318 1965 spem,
333 1885 365 1941 in
382 1881 517 1942 adventu
529 1881 633 1941 classis
645 1883 873 1956 Romanorum,
889 1884 942 1964 qui
956 1897 1020 1942 tam
1034 1882 1140 1964 procul
1155 1896 1258 1958 erant,

217 1971 349 2052 positam
368 1969 534 2051 abjiciun15
559 1983 589 2029 et
610 1970 705 2052 longa
728 1967 892 2030 obsidione
919 1971 1026 2051 inopia
1049 1973 1191 2031 omnium
1216 1973 1259 2052 ita

216 2052 334 2134 crescit,
356 2075 390 2119 ut
413 2059 589 2120 corticibus¹
602 2073 632 2118 et
652 2057 818 2120 frondibus
839 2061 985 2120 arborum
1007 2063 1157 2140 coriisque
1178 2081 1259 2140 aqua

216 2147 346 2208 mollitis
360 2148 474 2208 famem
487 2147 618 2208 tolerare
631 2161 797 2229 cogentum
813 2145 980 2230 457-474.
996 2150 1085 2208 Hanc
1099 2148 1184 2206 urbis
1195 2147 1258 2206 for·

216 2251 326 2296 tunam
336 2239 567 2297 commiseratur
576 2237 737 2311 Hercules,
748 2233 812 2316 ejus
823 2237 979 2311 conditor,
992 2251 1020 2296 et
1029 2236 1108 2296 clam
1117 2237 1259 2308 lunone,

217 2325 440 2400 noverca'sua,
460 2324 546 2384 Fidei
570 2323 720 2384 auxilium
744 2324 897 2406 inploret,
922 2345 1005 2405 quae,
1028 2325 1093 2404 ejus
1119 2321 1259 2404 precibus

217 2427 314 2486 mota,
341 2412 473 2472 fractum
498 2413 744 2492 Saguntinorum
768 2413 908 2471 animum
929 2410 1006 2469 adeo
1027 2411 1130 2490 erigit,
1158 2423 1193 2467 ut
1212 2407 1260 2466 vel

147 2496 152 2505 ’
216 2500 323 2560 ultima
344 2499 475 2582 experiri
497 2521 560 2574 non
581 2512 736 2574 recusent;
759 2497 925 2581 475—525.
948 2498 1005 2557 Sed
1024 2510 1152 2557 conatus
1173 2496 1259 2557 Fidei

217 2611 281 2650 non
294 2590 377 2671 fugit
391 2593 563 2662 Junonem,
578 2608 648 2669 quae
661 2601 770 2669 praeter
780 2589 960 2669 opinionem
974 2607 1072 2669 prope
1082 2587 1189 2645 urbem
1200 2600 1259 2660 est,

217 2692 246 2738 et
258 2677 411 2758 extemplo
426 2675 617 2756 Tisiphonen
633 2675 671 2734 ab
685 2674 791 2735 inferis
805 2689 927 2748 evocat;
940 2673 1106 2749 526-542.
1118 2675 1191 2733 Hac
1201 2675 1261 2732 Fu·

218 2770 261 2826 ria
277 2769 409 2828 sormam
424 2765 570 2852 adspectu
586 2766 755 2826 terribilem
767 2767 868 2839 exuit,
880 2779 919 2827 ·ct
935 2766 967 2823 in
980 2763 1141 2838 Tiburnae,
1161 2775 1259 2822 morte

216 2856 312 2915 Murri
333 2855 483 2928 viduatae,
501 2855 632 2935 speciem
649 2873 812 2929 conversa,
830 2854 1017 2933 Saguntinos
1031 2850 1188 2925 hortatur,
1209 2861 1259 2922 ut,

217 2965 312 3026 quum
325 2944 403 3005 nihil
414 2944 479 3023 jem
492 2945 556 3024 spei
569 2936 725 3024 reliquum
739 2944 794 3017 sit,
807 2957 908 3001 morte
920 2938 1095 3000 voluntaria
1109 2951 1259 2998 aeternum

215 3035 371 3092 servitium
391 3031 557 3112 effugiant3
581 3029 745 3114 543—579.
760 3033 839 3090 Tum
855 3031 933 3112 petit
950 3028 1124 3101 tumulum,
1146 3047 1181 3085 ex
1196 3045 1258 3105 quo

216 3141 339 3202 serpens
353 3123 508 3203 prorepit,
524 3121 602 3180 etad
620 3141 704 3180 mare
715 3119 887 3192 contendit3
900 3117 1066 3195 580-591.
1077 3118 1146 3174 Hoc
1157 3113 1261 3194 prodi·

216 3211 267 3290 gio
279 3212 431 3291 perterriti
439 3211 613 3291 Saguntini,
626 3211 741 3270 Genios
747 3209 813 3290 jam
823 3208 900 3266 urbe
913 3203 1055 3265 excedere
1066 3203 1125 3262 sibi
1138 3223 1260 3283 persua-

217 3297 305 3370 dent,
319 3311 348 3356 et
361 3295 545 3380 Tisiphones
560 3319 619 3380 ope
631 3320 666 3357 ex
681 3298 895 3381 desperatione
907 3297 939 3352 in
950 3293 1068 3394 gabiem
1080 3303 1259 3364 vertuntur;

219 3407 280 3468 qua
295 3389 446 3462 instincti,
462 3407 563 3463 arma,
579 3401 687 3463 vestes,
700 3382 822 3461 aurum,
837 3399 867 3446 et
879 3379 1033 3466 quidquid
1046 3379 1258 3462 publicarum,

217 3474 264 3533 rel
282 3477 470 3552 privatarum
492 3496 595 3535 rerum
614 3490 764 3556 superest,
785 3475 819 3533 in
843 3492 955 3554 rogum
975 3471 1149 3550 ingentem,
1169 3464 1207 3525 ad
1226 3465 1258 3524 id

218 3565 329 3644 raptim
340 3577 543 3638 exstructum,
556 3561 740 3642 conjiciunt3
755 3575 785 3622 et
797 3560 909 3622 deinde
920 3571 1062 3640 parentes
1072 3573 1166 3635 seque
1177 3555 1258 3612 invi-

217 3669 279 3709 cem
294 3649 440 3734 jugulant
452 3675 458 3710 :
472 3673 534 3732 quo
548 3651 649 3728 facto,
663 3651 820 3712 llannibal
835 3651 944 3711 urbem
958 3647 1040 3728 capit
1051 3668 1059 3720 ;
1071 3659 1099 3706 et
1112 3644 1205 3704 Furia
1219 3642 1258 3702 ad

218 3737 330 3800 inferos
343 3741 523 3812 revertitur,
538 3741 703 3819 592-707.
