3054 4666
263 445 341 510 352.
579 440 982 507 c.slhlltTan101

259 586 370 669 Quum
384 585 501 649 Poenos
512 580 645 671 aquilae,
659 596 833 670 postquam
845 579 1016 647 subsidere
1028 581 1093 646 fata

261 688 396 755 Viderat
409 705 441 753 et
453 709 568 775 magna
581 708 724 776 pugnam
737 687 895 752 inclinare
906 688 1014 764 ruina,

260 795 419 862 Occulere
431 791 597 858 interdum
611 807 644 857 et
656 807 750 856 terrae
761 790 917 857 mandare
929 791 1072 881 parabat.
1270 802 1299 848 30

259 899 338 980 Sed,
352 898 466 965 subitis
478 897 583 963 victus
597 894 684 974 telis,
697 895 839 962 labentia
851 895 997 961 membra

261 1008 437 1074 Prostravit
449 1027 563 1095 super,
575 1019 674 1093 atque
687 1003 806 1094 injecta
818 1020 924 1070 morte
936 1003 1077 1094 tegebat.

263 1119 385 1181 Verum
396 1114 454 1180 nbi
465 1114 521 1177 lux
533 1128 630 1178 noete
643 1135 661 1176 e
674 1111 781 1202 Stygia
795 1112 982 1204 miseroque
995 1135 1115 1202 sopore
1224 1133 1227 1140 ·

260 1221 414 1301 Reddita,
427 1221 526 1286 vicini
539 1219 580 1284 de
593 1233 699 1307 strage
712 1216 879 1286 cadaveris
890 1218 982 1285 basta

261 1329 417 1417 Erigitur,
431 1326 568 1414 soloque
580 1325 693 1413 vigens
705 1323 878 1390 conamine
890 1325 954 1389 late

260 1435 469 1524 Stagnantem
481 1429 571 1498 caede
584 1448 617 1496 et
629 1429 758 1496 facilem
771 1429 941 1498 discedere
953 1448 1072 1498 terram

259 1547 346 1610 Ense
359 1541 457 1622 fodit,
471 1543 680 1630 clausamque
691 1539 809 1628 aquilae
822 1540 960 1606 infelicis
971 1539 1110 1606 adorans

260 1651 426 1740 Effigiem,
440 1638 556 1740 palmis
569 1647 799 1736 languentibus
812 1665 920 1738 aequat
931 1672 1055 1716 arenas.

260 1759 438 1848 Supremos
451 1757 528 1822 fessi
540 1773 655 1820 tenues
668 1771 740 1819 tum
752 1756 848 1819 cessit
861 1755 893 1818 in
907 1777 1001 1822 auras

261 1863 403 1942 Halitus,
417 1879 450 1928 et
462 1883 613 1948 magnam
625 1859 713 1924 misit
725 1857 786 1924 sub
798 1857 933 1924 Tartara
946 1878 1103 1926 mentem.
1265 1869 1296 1924 t·

304 1971 402 2034 Juxta
414 1989 549 2033 cernere
561 1982 632 2030 erat
644 1965 767 2030 meritae
779 1964 841 2030 sibi
852 1987 989 2054 poscere
1002 1988 1132 2031 carmen

260 2073 400 2139 Virtutis
413 2094 536 2138 sacram
549 2069 684 2136 rabiem.
698 2069 849 2138 Laevinus
860 2071 902 2138 ab
913 2071 980 2137 alto

231 2301 234 2308 ·
294 2289 332 2335 32.
343 2289 423 2352 abjecta
432 2283 480 2331 cot.
489 2283 557 2347 Vulp.
569 2281 643 2330 illectu
653 2279 729 2331 Barrb.
740 2283 848 2347 explieat,
860 2299 940 2334 omues
949 2289 971 2334 in
981 2287 1067 2335 oedem
1077 2301 1140 2334 tum
1150 2281 1244 2332 illiciens
1253 2295 1298 2330 tam

262 2359 317 2406 forti
331 2357 448 2410 facinore,
465 2367 489 2402 et
502 2353 558 2400 Cell.
572 2354 683 2417 adpetens
695 2367 805 2412 mortem,
818 2371 870 2418 qaae
884 2358 988 2404 nondum
1003 2356 1082 2404 aderat
1094 2357 1210 2418 proximet
1225 2353 1299 2418 efficta

195 2437 200 2458 ⁸
262 2438 333 2476 morte
343 2427 404 2490 conj.
415 2427 492 2472 burm.
504 2437 527 2471 et
538 2427 620 2489 injecto
632 2424 690 2471 mole
701 2425 786 2472 seilicet
800 2429 917 2490 eorporis,
930 2430 958 2474 tt.
969 2429 1047 2474 lleins.
1058 2429 1188 2486 Utrumque
1199 2422 1300 2469 arridere

261 2513 349 2564 potem
361 2499 455 2564 effato,
467 2497 504 2544 rel
515 2497 591 2559 irpieta
602 2507 672 2544 morte
681 2497 784 2544 tenmbat
795 2499 874 2545 Lefeb.
889 2495 959 2546 illoeto
968 2517 1016 2547 non
1025 2513 1093 2545 nemo
1106 2509 1163 2544 teste
1173 2497 1259 2556 Daurq.
1271 2517 1302 2529 -

263 2573 299 2618 35.
310 2574 399 2635 vipera,
411 2585 458 2615 nou
470 2571 558 2632 myrrea,
571 2565 621 2613 Col.
632 2566 682 2612 eol,
694 2591 726 2602 -·
735 2566 772 2628 37.
785 2583 929 2632 cereamque,
940 2569 964 2615 b.
977 2584 998 2615 e.
1009 2566 1041 2614 ail
1050 2567 1218 2629 probdentern,
1231 2577 1300 2624 quam

262 2639 418 2703 nequidquam
432 2637 599 2692 venerabatur,
615 2638 699 2697 auspic.
717 2638 745 2680 N.
759 2639 837 2683 lleiae.
850 2641 924 2686 Possis
937 2653 960 2685 et
967 2641 1108 2702 florentque,
1125 2636 1148 2682 b.
1160 2651 1182 2681 e.
1197 2647 1301 2680 auream

262 2709 340 2765 -41,
353 2712 437 2775 rrreritoe
450 2705 500 2752 Col.
517 2716 540 2752 et
552 2706 593 2751 Or.
605 2705 726 2766 vulgatam
740 2710 818 2752 merito
831 2708 874 2754 eibi
883 2707 986 2756 defendit
997 2709 1078 2755 beleb.
1090 2719 1116 2752 at
1127 2709 1205 2752 merito
1218 2703 1302 2751 seilicet

263 2783 355 2828 meino
366 2790 434 2841 poeta
447 2775 529 2822 direrit
538 2774 602 2833 (bae
616 2774 666 2834 ejus
680 2777 751 2821 verba
763 2779 828 2836 sant)
842 2782 966 2828 motatione
978 2781 1095 2840 regiminis
1106 2775 1137 2824 ad
1151 2773 1249 2822 nobilior
1262 2788 1303 2835 pe·

264 2867 321 2906 nus;
335 2849 397 2898 conl.
413 2859 462 2894 not.
475 2846 505 2892 ad
514 2847 543 2902 V,
558 2845 611 2906 495.
623 2871 655 2881 -
665 2844 704 2904 tia.
723 2847 838 2907 lmine,
854 2866 901 2897 uon
916 2851 1025 2907 bainus,
1037 2849 1086 2896 Col.

263 3025 398 3100 probibere
408 3023 518 3098 aquile,
531 3035 561 3074 ut
572 3020 664 3076 eosdm
679 3036 705 3076 et
718 3023 762 3091 rip·
807 3026 889 3082 Gron.
899 3029 982 3082 Diatr.
993 3027 1057 3081 Stat.
1069 3047 1092 3079 o.
1104 3027 1146 3078 28.
1157 3021 1301 3097 —sacilem

265 3125 313 3171 pur
327 3103 381 3160 rud
392 3102 465 3166 erile,
478 3101 552 3174 quod
563 3104 618 3172 jem
633 3105 763 3155 monitum
807 3107 931 3160 discedere
942 3109 1006 3179 quia
1019 3106 1091 3159 cade
1105 3103 1253 3178 stagnabat.
1269 3127 1302 3139 -

266 3183 344 3238 rideo
357 3204 373 3238 a
384 3184 417 3236 N.
432 3185 522 3236 Heius.
536 3195 562 3235 et
575 3181 655 3234 Drab.
668 3183 764 3235 Simili·
808 3187 933 3240 discedere
942 3186 994 3238 vid.
1005 3188 1094 3240 Heins.
1104 3183 1224 3238 adOrid.
1233 3185 1301 3236 Fert.
1364 3183 1366 3188 '

267 3277 307 3318 ter
316 3263 452 3338 defendere
461 3263 494 3331 V,
506 3264 572 3333 490,
583 3260 629 3313 ubi
641 3261 695 3314 vid.
706 3275 762 3314 not.
808 3269 857 3333 ΙΙΙ,
870 3267 930 3336 37¹.
943 3295 979 3306 —
990 3267 1033 3336 37.
1046 3266 1159 3320 clausam
1174 3262 1302 3316 inclusam

267 3375 303 3386 --
315 3345 450 3410 subridere,
465 3341 603 3408 recedere,
615 3341 657 3394 vel
671 3361 764 3394 eorum
808 3361 897 3414 terrie,
909 3345 964 3414 vel,
976 3349 1051 3398 voss.
1066 3345 1171 3416 judice,
1190 3339 1303 3406 sacello,

266 3426 387 3480 favorem
397 3423 564 3488 decressere,
575 3423 665 3474 minui.
674 3451 710 3464 -
719 3423 762 3475 3ο.
809 3427 884 3492 ἀκᾷ,
901 3422 922 3481 ie
936 3423 985 3477 ieri
998 3423 1049 3481 rede
1062 3425 1154 3493 μικρὸς,
1169 3425 1191 3475 ir
1206 3444 1223 3490 φ
1238 3422 1303 3474 e'ee'ee

270 3505 396 3558 interdum
404 3541 413 3569 ,
425 3504 540 3568 interea,
551 3500 631 3553 Drak.
643 3502 715 3552 conl.
729 3501 764 3554 ed
808 3505 906 3570 χρυωῧς
925 3505 1049 3571 lrldpmr,
1069 3517 1135 3557 teste
1150 3505 1234 3555 Dione
1251 3499 1303 3550 XL.

268 3585 314 3651 W,
332 3585 392 3654 491.
404 3612 439 3622 -
448 3582 582 3656 parabat:
600 3599 662 3632 uam
678 3592 764 3632 morte
809 3603 835 3656 p.
857 3585 913 3638 128.
931 3585 1007 3636 Prior
1022 3587 1091 3638 ratio
1108 3582 1253 3654 simplicior
1266 3591 1306 3632 est

268 3661 446 3734 puniebatur,
467 3662 513 3732 qni
533 3660 610 3731 signa
629 3660 763 3712 amiserat.
809 3679 836 3717 et
848 3669 912 3718 saris
924 3678 987 3738 apta
1000 3667 1142 3717 contextui.
1154 3665 1253 3713 Neutra
1265 3671 1305 3712 ts-

270 3769 304 3781 -
322 3742 365 3794 32.
387 3751 480 3806 morte,
502 3737 651 3804 cadavere,
673 3739 715 3790 vel
737 3757 764 3792 se
809 3763 869 3796 men
884 3744 964 3797 Drak.
980 3745 1114 3796 satisfecit.
1130 3741 1170 3793 Cf.
1185 3740 1215 3790 V.
1228 3739 1255 3788 L.
1269 3767 1305 3777 -

269 3819 545 3872 manduconem.
559 3836 602 3888 ap.
614 3817 684 3868 Non.
697 3835 726 3882 a,
737 3837 762 3870 n.
810 3825 853 3876 38.
869 3835 970 3898 aequat,
991 3839 1093 3895 aequat,
1112 3822 1204 3892 planas
1223 3819 1305 3883 facit,

269 3899 336 3964 3285
346 3899 412 3951 Plia.
421 3899 491 3962 XIV,
508 3914 552 3968 ¹9³
564 3899 642 3967 Prop.
655 3899 692 3964 11,
703 3913 764 3964 aur,
809 3923 843 3956 ne
854 3903 970 3955 tumulus
981 3906 1014 3955 sit
1023 3902 1122 3956 indicio
1135 3903 1171 3952 rei
1182 3896 1304 3952 defossa.

270 3997 319 4040 ηας
332 3976 386 4030 cic.
400 3975 457 4030 Mil.
476 3977 526 4042 32,
543 3993 582 4047 pr.
601 3975 661 4028 coll.
680 3996 702 4029 o.
724 3979 762 4030 13.
809 4011 845 4023 -·
857 3983 898 4049 4ο.
913 3983 998 4048 ἰφθίμου
1008 3979 1085 4048 ψυχὴ
1101 3981 1148 4030 aa
1162 3977 1263 4046 rpoledr
1276 3975 1304 4029 ll.

268 4058 311 4112 Gl.
319 4059 351 4109 V.
364 4057 392 4109 b.
403 4085 437 4096 -
447 4055 490 4108 35.
500 4057 627 4130 Erigitur,
639 4073 666 4109 ee
677 4059 764 4128 ipsam
810 4083 840 4124 e,
860 4065 884 4116 3.
900 4093 934 4102 -
950 4063 1019 4116 misit
1032 4063 1077 4114 sub
1091 4059 1200 4113 Tartara
1217 4073 1245 4111 ut
1262 4077 1304 4130 ap.

269 4139 353 4210 eripit.
365 4163 401 4176 -
412 4136 454 4188 36.
472 4135 642 4208 Stagnantem
655 4137 722 4188 eoede
735 4151 765 4188 ut
796 4135 882 4212 'Virp
897 4144 955 4194 AEn.
967 4143 1012 4206 lv,
1025 4141 1084 4209 243.

268 4216 330 4280 ΧΗ,
342 4215 386 4283 43.
396 4215 505 4286 Proprie
518 4231 589 4283 aqua
599 4227 711 4286 stagnat.
722 4215 762 4268 ct.
844 4223 888 4289 4².
905 4222 1012 4277 Wrtutis
1026 4240 1124 4274 sarram
1140 4221 1235 4274 rabiem
1252 4217 1305 4270 rid.
