2960 4666
416 513 433 526 ἕ
475 443 786 512 PUNICORUM
809 445 901 510 ΗΒ.
925 446 988 511 ΧΙ.
1187 439 1251 526 667

216 583 345 676 Linque
356 608 438 653 meae
452 585 564 652 menti.
577 585 749 652 Summum
762 584 852 675 quod
864 584 986 664 credis,
1001 603 1033 650 et
1044 605 1154 676 aequas
1210 593 1255 641 ³²⁵

215 692 433 758 Hannibalem
446 693 592 782 Superis,
606 717 626 760 o
639 709 798 782 quantum
812 693 946 757 nomine
959 691 1064 782 major

211 800 288 864 lam
301 802 403 866 Poeno
416 799 474 865 tibi
487 818 582 867 natus
595 802 670 866 erit!
682 827 699 862 s
711 797 870 872 Vibrabat
880 799 922 864 ab
934 821 992 864 ore

214 907 303 996 Ignis
315 927 419 992 atrox,
435 911 630 1000 animusque
641 910 704 974 viri
711 910 779 1000 jam
790 909 879 974 bella
890 907 1038 996 gerebat,

215 1013 326 1094 Quum
340 1016 464 1094 senior,
479 1017 560 1081 tanti
572 1014 704 1105 pondus
716 1015 898 1080 conaminis
911 1037 997 1102 aegra

215 1117 289 1182 Jam
302 1117 429 1185 dudum
444 1123 496 1186 vix
508 1145 587 1188 aure
598 1123 724 1200 ferens,
736 1119 977 1188 tremebundus
988 1117 1115 1184 ibidem
1214 1127 1260 1175 3³⁰

215 1223 392 1307 Sternitur,
407 1227 592 1315 etpedibus
604 1229 722 1294 erebro
733 1229 852 1318 pavida
864 1227 974 1293 osenla
986 1225 1106 1314 figens,
1130 1216 1135 1226 ’

219 1357 232 1386 s
245 1332 345 1398 Persi
358 1331 438 1422 quid
451 1353 602 1424 superest
615 1337 703 1414 vitae,
716 1358 778 1423 per
785 1335 861 1424 jum
873 1333 1034 1424 parentis,

213 1437 342 1526 Perque
354 1455 444 1504 tuam
457 1457 569 1508 nostra
581 1443 760 1530 potiorem,
774 1449 866 1520 n'ate,
879 1439 1035 1518 salutern,

214 1539 344 1608 Absiste
357 1543 511 1634 inceptis,
524 1569 602 1612 oro:
616 1570 660 1613 ne
672 1548 831 1636 sanguine
842 1567 975 1611 cernam

215 1648 342 1714 Polluta
355 1649 510 1741 hospitia,
523 1675 561 1718 ac
574 1653 650 1720 tabo
662 1655 788 1743 repleta
800 1669 939 1720 emente

215 1758 351 1836 Pocula,
366 1774 398 1823 et
410 1781 539 1825 eversas
552 1784 672 1850 pugnae
684 1761 865 1826 certamine
875 1779 1016 1825 mensas.

135 1896 142 1908 ·
215 1863 313 1929 Tune
326 1863 434 1946 illurn,
448 1889 550 1955 quem
561 1889 629 1932 non
641 1869 741 1948 acies,
754 1888 821 1932 non
836 1865 957 1931 moenia
969 1880 1004 1929 et
1014 1863 1113 1929 urbes

216 2033 300 2078 iter-nm
310 2035 438 2082 concedere
450 2051 498 2082 nou
509 2040 621 2100 potuerit.
630 2063 663 2074 ·-·
672 2037 725 2085 325.
738 2046 761 2084 tn
771 2053 815 2099 pro
826 2037 889 2100 quod
898 2036 986 2097 primus
997 2032 1114 2080 substituit
1125 2031 1224 2076 Marsus.
1233 2053 1265 2064 -

217 2104 270 2167 337·
283 2119 328 2152 '¹⁰²¹
338 2109 419 2154 moenia
429 2109 455 2154 ll.
472 2125 497 2167 ι,
509 2109 538 2168 3;
554 2113 629 2158 Parra.
641 2111 705 2158 Med.
718 2125 759 2158 ster
771 2125 801 2156 m.
815 2110 895 2171 scripu
906 2109 977 2154 Mars.
993 2117 1016 2152 et
1027 2105 1095 2153 Mart.
1109 2101 1180 2148 ilerb.
1192 2115 1265 2165 nequo

215 2242 282 2296 nibil
307 2245 341 2300 ab
368 2249 517 2304 Hannibale
544 2252 715 2319 metuebant,
761 2254 802 2303 Ita
824 2251 938 2303 Ernesti.
963 2251 997 2302 At
1020 2259 1115 2301 contra
1137 2243 1264 2317 praeclare

215 2325 296 2378 Dralr.
308 2329 334 2378 in
346 2328 427 2394 redes,
438 2331 485 2383 nbi
496 2343 568 2384 tutus
577 2331 659 2384 latere
670 2351 717 2403 po·
761 2342 843 2401 poeta
860 2349 884 2381 v.
903 2329 951 2382 351
972 2347 1027 2398 seq.
1046 2326 1148 2379 inducit
1165 2323 1266 2386 lilium,

216 2417 270 2472 tes,
292 2409 391 2460 rectius
412 2408 514 2480 Dausq.
534 2423 561 2461 et
580 2410 642 2464 Em.
660 2411 717 2464 b'sd
761 2412 859 2462 virtute
879 2407 1037 2461 Hannibalis
1057 2406 1090 2458 nd
1112 2407 1215 2456 facinus
1235 2402 1267 2453 il-

215 2485 286 2536 iorte
298 2504 360 2538 vera
371 2487 516 2540 verborum
530 2491 660 2542 sententia
677 2501 717 2542 est
761 2488 811 2540 lud
822 2490 905 2559 magis
917 2490 1073 2550 incensum,
1092 2503 1172 2555 quam
1185 2482 1220 2534 ab
1231 2501 1264 2534 eo

214 2561 288 2614 baec:
302 2565 434 2630 concede,
446 2567 555 2634 recede,
565 2567 647 2620 exbis
658 2568 718 2621 adi·
763 2567 935 2632 deterritum,
957 2585 1007 2619 nec
1027 2579 1079 2618 tum
1099 2582 1161 2627 suo,
1184 2579 1265 2633 quam

213 2641 280 2708 bus,
297 2643 345 2696 sbi
357 2644 489 2697 Hannibal
500 2658 528 2698 et
544 2646 640 2719 reliqui
654 2659 717 2700 con·
763 2647 847 2717 patris
867 2645 989 2717 periculo
1010 2657 1190 2697 commotum
1216 2657 1265 2694 nec

214 2724 280 2774 siva
299 2725 386 2776 securi
402 2723 454 2777 sibi
472 2723 609 2792 videntur,
629 2743 717 2798 neque
762 2727 976 2798 minusgrariter
988 2742 1085 2796 parens
1097 2724 1124 2775 b.
1135 2723 1153 2774 l.
1167 2721 1267 2774 dicitur

214 2803 324 2857 insidias
346 2825 362 2856 a
382 2825 424 2858 me
444 2807 485 2859 vel
505 2825 641 2879 quoquam
663 2805 716 2859 alio
763 2805 946 2857 tremebundus
964 2823 1000 2856 se.
1020 2817 1109 2870 metu,
1126 2815 1152 2856 ct
1168 2799 1268 2874 pavida

215 2897 345 2938 metuunt.
360 2885 418 2939 s‘l'e
429 2885 457 2938 id
467 2887 540 2958 prius
551 2888 618 2939 scire
629 2885 717 2953 volui,
763 2883 855 2938 oscula
867 2883 966 2957 ligeum
980 2896 1006 2935 et
1021 2901 1087 2936 vers.
1102 2881 1183 2936 353...
1197 2880 1269 2944 360,

216 2965 239 3016 si
252 2965 321 3016 forte
341 2963 448 3033 abesam
467 2968 530 3020 dum
550 2969 655 3020 facinus
669 2986 718 3040 pa·
763 2966 850 3016 oratio
871 2963 1113 3018 vehementioribus
1136 2961 1267 3034 graviori-

215 3042 314 3111 tratur,
328 3044 454 3111 malles,s
470 3047 527 3100 Liv.
542 3047 560 3099 l.
574 3067 596 3099 e.
610 3065 652 3100 me
663 3047 717 3098 lin·
762 3045 867 3118 busque
880 3043 1031 3098 adfectibus
1045 3046 1171 3116 insurgit,
1184 3059 1266 3114 quam

213 3141 266 3196 que
276 3141 340 3177 mec
353 3129 451 3193 menti,
470 3139 562 3197 patere
575 3145 616 3179 me
630 3127 716 3179 cousi·
763 3145 806 3196 ap.
824 3125 881 3176 Lis.
898 3123 917 3175 l.
936 3143 958 3176 e.
971 3125 1062 3176 Virtus
1076 3140 1184 3195 quoque
1196 3121 1266 3172 lian-

215 3203 280 3254 linm
291 3223 379 3256 meum
389 3205 625 3275 perficere-326.
636 3205 716 3278 quad,
762 3205 859 3258 nibslis
878 3204 1046 3276 periculique
1065 3201 1222 3275 magnitudo
1241 3219 1265 3250 r.

215 3287 360 3355 quoniam
380 3285 461 3338 [irak.
477 3299 503 3338 et
514 3289 611 3358 cuper.
623 3287 658 3339 nd
669 3289 717 3338 Pe·
745 3345 747 3353 Α
762 3282 1211 3356 337sq.vividioribusimn5inibns
1220 3280 1267 3332 nd·

157 3423 161 3439 ,
215 3375 322 3415 trono.
339 3364 461 3432 104,κᾶ
477 3368 657 3438 proqunmuis
669 3383 718 3437 po·
762 3367 911 3419 umbratur.
929 3367 986 3419 Nec
1004 3378 1093 3418 tamen
1110 3361 1266 3428 dissimulo,

215 3445 295 3495 situm
306 3445 437 3515 putabant
447 3446 538 3497 Heins.
549 3459 575 3497 et
584 3447 672 3497 Burrn.
684 3444 718 3496 ad
762 3448 790 3497 in
801 3463 851 3498 ses.
866 3445 917 3516 337
930 3461 971 3516 sq.
985 3459 1010 3498 et
1022 3445 1091 3515 inpr.
1105 3444 1157 3512 344
1168 3461 1206 3515 sq.
1220 3459 1267 3512 pa-

214 3523 292 3575 ovid.
306 3525 354 3595 Ep.
366 3525 428 3576 licr.
440 3525 525 3590 XVll,
538 3525 586 3588 51,
598 3537 625 3577 et
633 3523 716 3576 Gron.
763 3529 832 3578 t'erni
846 3525 968 3578 adiectus
982 3523 1137 3594 dolorisque
1147 3523 1200 3574 vim
1210 3519 1269 3573 rhe-

215 3601 250 3654 ad
261 3603 318 3655 Lis.
334 3605 416 3668 XLll,
431 3603 465 3654 nli
478 3605 504 3654 in
520 3603 628 3655 additis.
763 3619 851 3656 torum
866 3607 977 3676 argutiis
990 3605 1158 3674 aliquantum
1172 3601 1266 3652 infrin-

251 3684 312 3753 ³²9·
326 3683 366 3735 ct.
381 3685 437 3735 Lis.
450 3681 548 3750 xtttu,
568 3701 598 3754 9,
610 3683 657 3734 ubi
669 3699 719 3753 pa-
762 3687 798 3756 gi.
810 3713 847 3724 -
862 3685 913 3752 334
926 3702 966 3755 sq.
979 3703 1013 3735 ne
1023 3683 1150 3756 sanquine
1161 3699 1266 3733 remam

215 3776 256 3816 ter
267 3769 383 3835 graviter
401 3763 508 3816 (luobus
526 3763 614 3816 verbis
630 3780 719 3816 umens
763 3755 871 3815 Polluta
884 3761 1012 3836 bospitio,
1033 3761 1105 3834 qnod
1126 3759 1198 3834 apud
1212 3763 1270 3812 tto-

215 3858 286 3898 metu
298 3845 410 3917 dicitur,
423 3861 472 3896 nen
486 3847 560 3915 prius
572 3843 607 3894 ad
618 3842 718 3914 pedum
762 3859 856 3894 manos
874 3841 974 3912 (immo
993 3841 1064 3913 apud
1085 3859 1177 3894 omnes
1196 3841 1268 3891 anti-

216 3925 367 3997 amplexum
395 3937 421 3976 et
445 3923 538 3976 osenla
563 3921 718 3992 descendit,
763 3924 872 3994 quitatis
895 3921 1032 3993 populos)
1055 3921 1216 3974 dirissimum
1240 3932 1270 3971 et·

217 4021 297 4074 quam
310 4004 392 4056 lilium
408 4004 533 4076 precibus
554 4015 718 4056 commotum
764 4003 877 4054 maxime
888 3998 1266 4054 exsecrandumscelnsbnbe·

217 4093 243 4132 et
254 4081 437 4136 lacrimantem
451 4083 530 4149 vidis,
545 4081 619 4156 quod
631 4081 666 4134 ad
678 4081 718 4135 tli-
763 4081 858 4143 batur;
870 4081 950 4135 Drab.
962 4112 998 4122 -
1009 4081 1060 4151 337
1075 4097 1114 4151 sq.
1133 4103 1144 4127 r
1155 4079 1265 4154 Vultum

216 4163 342 4231 quitatem
352 4163 633 4235 adiectumquepatris
643 4175 718 4215 tuen-
763 4164 845 4235 ipn‘us
859 4165 908 4230 tt,
925 4179 1005 4234 quem
1022 4161 1117 4214 armati
1134 4159 1265 4213 exereitus

217 4240 280 4292 dum
305 4241 389 4295 multo
415 4243 645 4298 adcommodatins
668 4257 717 4296 est.
757 4235 892 4296 'mnium
906 4253 1056 4311 nequeunt,
1076 4257 1153 4311 quern
1173 4238 1266 4290 horret
