2960 4666
456 467 770 533 ruurconuu
793 470 885 534 mn.
909 472 948 536 x.
1159 477 1222 566 627

182 614 284 675 Roma
296 611 369 674 fuit.
382 607 446 676 Sed
459 610 562 686 euim,
576 610 696 674 solium
709 610 875 698 indignata
887 613 1042 701 Superbi,

180 717 226 780 Ut
238 733 366 804 sceptra
379 714 501 804 exegit,
514 713 690 780 confestim
703 715 848 804 ingentia
859 717 946 784 bella

179 821 312 888 Clusina
325 843 447 886 venere
460 817 561 886 domo
573 843 580 883 ε
593 821 621 887 si
636 823 776 886 Porsena
789 821 889 888 fando

181 927 320 993 Auditus
334 927 408 1006 tibi,
422 928 449 992 si
461 927 592 1008 Cocles,
605 928 632 992 si
645 926 748 1018 Lydia
760 947 873 994 castra.
933 959 937 966 ·
986 955 989 960 ’

228 1063 241 1092 a
254 1034 329 1125 Ille,
342 1055 407 1122 ope
420 1033 561 1098 Maeonia
574 1049 607 1098 et
619 1034 745 1120 populo
758 1035 949 1102 subcinctus
960 1039 1115 1120 Etrusco,
1180 1055 1224 1114 485

179 1139 333 1204 Certabat
345 1138 457 1227 pulsos
470 1161 531 1226 per
542 1137 630 1206 b'clla
641 1163 804 1226 reponere
817 1163 922 1230 reges.

179 1245 285 1310 Multa
296 1243 381 1310 adeo
394 1243 621 1334 nequidquam
633 1245 719 1323 ausi;
733 1249 919 1336 pressitque
930 1265 1089 1338 tyrannus
1194 1249 1197 1256 ’

178 1350 367 1416 Jauiculum
379 1349 593 1416 incumbens:
608 1351 665 1422 ubi
678 1375 768 1430 mox,
776 1352 846 1442 jam
858 1376 939 1440 pace
952 1355 1103 1443 probata,

179 1459 413 1544 Compressere
425 1456 516 1536 odia,
531 1473 566 1522 et
577 1458 722 1546 positum
735 1480 813 1523 cum
825 1458 950 1524 foedere
963 1461 1103 1544 bellum,

179 1564 427 1654 Obsidibusque
439 1565 595 1632 obstricta
608 1564 707 1644 fides,
720 1589 953 1646 mansuescere
965 1571 1066 1636 corda
1182 1583 1229 1648 49⁰

180 1673 311 1752 Nescia,
326 1695 387 1760 pro
399 1673 531 1762 Superil
545 1689 579 1738 et
591 1672 638 1736 uil
650 1696 718 1737 nou
731 1673 846 1740 inmite
858 1692 971 1764 parata

178 1778 270 1841 Gens
283 1777 401 1844 Italum
414 1799 476 1866 pro
488 1777 587 1844 laude
599 1778 681 1867 pati!
695 1779 748 1843 Bis
760 1779 875 1844 Cloelia
888 1801 985 1844 senus

178 1881 336 1947 Nondum
350 1884 531 1971 complerat
542 1885 692 1974 primaevi
706 1886 853 1973 corporis
866 1907 985 1960 anuos,

178 1989 253 2052 Una
265 1989 450 2077 puellarum
464 1993 682 2071 Laurentum,
696 2007 730 2056 et
741 1992 881 2081 pignora
892 1995 984 2080 pacis

149 2096 270 2159 =lnter
282 2095 444 2184 virgineas
457 2097 527 2185 regi
540 2099 727 2164 transmissa
740 2107 905 2164 catervas
1183 2115 1228 2178 495

175 2203 294 2286 (Facta
306 2201 414 2268 virum
426 2203 545 2287 sileolz
559 2202 736 2293 regebam,
750 2219 784 2268 et
795 2201 940 2285 findere,
954 2220 987 2270 et
998 2206 1108 2285 aunis,

178 2307 221 2371 Et
233 2307 335 2372 lluirio
347 2309 480 2397 spretis,
494 2309 671 2374 mirantem
681 2310 833 2374 interrita
843 2307 1007 2400 Thybrim

178 2413 350 2494 Tranavit,
365 2415 520 2504 frangens
534 2413 657 2480 undam
671 2414 854 2503 puerilibus
867 2414 973 2480 ulnis:

208 2571 262 2628 dila.
284 2574 315 2618 Vi
329 2583 418 2637 sceptra
431 2578 506 2640 exeqit
521 2575 583 2638 conj.
603 2573 681 2620 Bauli.
701 2575 759 2622 Adv.
779 2575 814 2632 ll,
837 2573 878 2630 13,
898 2573 972 2622 Male!
986 2599 1016 2612 -
1029 2572 1084 2636 489.
1101 2591 1165 2634 cum,
1183 2591 1230 2622 uon

176 2651 238 2700 tum,
250 2645 328 2704 scripti
344 2657 367 2690 er
384 2647 463 2706 primae
475 2644 528 2692 edd.
541 2671 573 2681 —
584 2644 637 2706 494.
656 2649 748 2710 pr'qnore
759 2647 786 2694 lt.
803 2663 827 2700 r.
845 2657 869 2694 rt
884 2644 947 2691 Med.
960 2647 983 2692 in
993 2647 1085 2708 prbrum
1097 2647 1152 2691 Ben.
1166 2647 1232 2708 quod

176 2709 446 2830 plurqqlpalngelgeinsio.
463 2714 510 2760 b'ed
522 2711 624 2762 lllmliam
636 2715 720 2778 piqnur
731 2719 796 2782 pucr't
809 2715 886 2762 vocari
899 2713 1006 2778 exemplu
1020 2715 1070 2760 liv.
1085 2713 1119 2771 ΙΙ,
1136 2713 1175 2772 13,
1188 2713 1230 2760 ob-

177 2906 335 2960 submittere
344 2911 682 2981 recusat.—4da.sceptru
761 2911 822 2982 496.
846 2913 944 2977 uirum,
966 2908 1076 2964 Coclitis
1098 2920 1125 2958 et
1147 2909 1230 2960 Mucii

176 2989 275 3060 excepit,
286 2987 463 3058 Tarquinium
476 2987 626 3060 Superbum
639 3007 681 3041 re-
725 2991 950 3060 Scaevolaeae-497
959 3007 1000 3061 sq.
1011 2989 1149 3040 mirantem
1161 2987 1230 3058 Tlry·

176 3087 231 3139 gno
241 3082 268 3120 et
280 3069 346 3122 urbe
356 3069 467 3142 expulit.
726 3073 791 3123 brim
808 3071 947 3136 Trunuvit‚
962 3083 991 3122 ut
1006 3067 1079 3140 apud
1092 3067 1187 3119 Claud.
1200 3071 1229 3120 in

213 3149 273 3217 483.
286 3151 403 3202 Historia
416 3149 457 3202 vel
470 3149 603 3202 tironibus
615 3163 681 3204 uota
725 3153 836 3222 Eutrop.
845 3153 866 3216 Ι,
875 3150 936 3220 447,
947 3163 974 3202 et
985 3150 1082 3201 similia
1093 3165 1135 3219 ap.
1147 3147 1226 3200 Orirl.

176 3231 274 3281 eaLir.
287 3232 322 3296 ll,
332 3249 377 3300 9...
392 3231 432 3298 14.
444 3230 586 3302 -sundo,
598 3231 679 3282 lama.
725 3235 815 3285 Amor.
836 3233 872 3297 ll,
892 3248 925 3298 n,
949 3249 975 3297 r,
991 3245 1016 3283 et
1033 3231 1129 3282 Catull.
1143 3231 1227 3296 LXV,

213 3308 274 3376 484.
288 3309 384 3379 Lydia,
399 3309 527 3373 Etrusca,
544 3311 681 3378 Porsenae,
728 3312 772 3374 15;
786 3312 866 3364 Draln
882 3311 923 3363 cf.
935 3311 969 3364 ed
984 3313 1009 3377 l,
1022 3311 1070 3380 49,
1083 3323 1109 3362 et
1120 3314 1153 3376 V,
1166 3309 1226 3375 542.

175 3385 279 3441 Clusini
290 3389 368 3460 regis.
381 3389 423 3440 Cf.
439 3389 474 3440 ad
488 3389 533 3454 lv,
548 3405 610 3457 7¹9·
725 3391 840 3444 Adcedit
861 3404 950 3444 nutem
971 3391 1048 3443 Silius
1069 3389 1113 3441 hic
1134 3407 1228 3441 eorum

212 3465 679 3540 testimonia,iuquqdiuvid.
724 3473 864 3543 opinioni,
893 3472 940 3542 qui
963 3468 1083 3523 Cloeliam
1108 3467 1227 3520 natando

177 3545 212 3599 ad
224 3548 268 3613 lV,
279 3548 448 3618 721.-4ilb.
465 3565 545 3620 repes,
556 3567 601 3600 rex
614 3550 681 3617 ejus·
725 3551 853 3623 Thybrim
863 3551 1041 3602 transmisisse
1049 3548 1141 3599 dicunt
1151 3547 1194 3617 (v.
1204 3566 1227 3598 c.

178 3645 231 3699 que
243 3627 359 3695 familia,
373 3641 402 3680 ut
417 3649 461 3699 ap.
473 3631 528 3683 biv.
542 3632 567 3693 l,
583 3629 629 3697 39;
644 3629 680 3695 ll,
725 3632 781 3683 Liv.
794 3633 831 3697 ll,
849 3629 908 3702 13);
922 3647 1004 3701 quum
1018 3628 1061 3679 ulii
1074 3625 1116 3696 (e.
1128 3647 1153 3700 g.
1167 3627 1228 3679 Flo·

179 3725 209 3776 a,
224 3711 239 3761 8
255 3709 289 3761 el.
303 3739 337 3749 -
349 3727 485 3782 reponem
495 3713 528 3761 'ut
539 3711 571 3778 V,
584 3709 644 3762 533.
726 3715 803 3778 mul,
813 3729 843 3776 ι,
855 3713 901 3782 ¹7)
912 3711 1007 3776 velint,
1019 3728 1077 3760 eam
1088 3727 1157 3778 equo
1168 3709 1230 3762 insi·

214 3790 275 3859 490.
288 3790 329 3842 Cl'.
343 3790 377 3842 ad
390 3789 501 3858 11‚653.
513 3791 611 3860 “49²
624 3807 679 3860 seq.
727 3791 833 3845 dentem
845 3789 941 3842 flumen
953 3789 1100 3858 trajecisse,
1114 3803 1229 3860 quorum

176 3871 222 3924 Gi.
238 3871 312 3936 Xlll,
325 3871 376 3923 828
389 3887 428 3942 sq.
441 3899 478 3911 -·
495 3869 615 3923 Cloelia...
627 3870 682 3942 pri-
727 3875 884 3924 senteutiam
897 3870 984 3923 firmat
997 3882 1083 3921 statua
1097 3873 1228 3939 equestris

178 3949 256 4002 mevi
269 3953 395 4022 corporis,
407 3964 437 4001 ut
449 3947 523 4021 'apud
534 3951 607 4020 Virg.
621 3950 680 4000 AEn.
727 3954 754 4003 in
766 3951 922 4003 memoriam
935 3949 1013 4021 hujus
1026 3949 1089 4014 lacti
1104 3969 1119 3999 a
1132 3949 1230 4000 Burun-

178 4029 293 4096 1345,
306 4045 333 4082 et
344 4029 400 4081 Val.
412 4029 451 4081 Fl.
464 4029 487 4079 ll
493 4065 502 4091 ‚
514 4025 680 4096 653.-494.
727 4033 768 4082 nis
776 4031 833 4102 'ipsi
845 4035 945 4102 posita,
955 4027 989 4080 de
1003 4047 1055 4100 qua
1069 4047 1093 4077 v.
1107 4027 1162 4078 Lir.
1177 4028 1193 4079 l.
1205 4047 1227 4080 c.

178 4111 354 4174 Laurentum
366 4130 392 4163 r.
407 4109 442 4162 ad
456 4111 482 4176 l,
497 4109 683 4180 110.Pi9nora
728 4123 867 4182 etgemma
877 4127 921 4180 ap,
935 4109 1025 4180 [leger.
1040 4105 1130 4176 Spicil.
1145 4105 1228 4176 antiq,

178 4192 251 4264 pacis
256 4192 602 4265 peruppositionernvucuri
609 4201 686 4240 caten
716 4225 719 4230 -
728 4207 755 4260 p.
770 4187 817 4257 733
832 4187 910 4239 Drak.
930 4185 981 4240 Sed
996 4189 1066 4236 forte
1079 4201 1148 4252 equo
1164 4183 1231 4233 insi·

180 4291 224 4327 rar
234 4273 361 4345 rirpiurru
373 4273 441 4332 bene
455 4272 558 4326 monuit
568 4269 681 4333 wiihpt.
729 4267 793 4321 dens
805 4269 919 4320 inravit
928 4265 1033 4318 flumen.
1046 4261 1231 4333 *4944444-

1017 4352 1062 4418 40.
