3008 4662
214 653 804 778 ERUDITISSIMO
827 657 1175 778 LECTORI

635 958 660 1003 8.
677 959 705 1004 Ρ.
722 957 754 1004 D.

426 1191 490 1284 N.
530 1191 584 1283 E.
626 1190 963 1284 LEMAIRE.

596 1487 804 1512 ---··—·--

175 1679 254 1788 U'r
269 1705 306 1776 iu
323 1703 479 1776 Editione
491 1723 609 1776 nostra
622 1705 717 1776 Ltvn
731 1703 942 1802 publicanda
953 1707 1219 1806 antesignanum
1283 1772 1285 1777 s

173 1843 207 1894 et
219 1823 344 1894 ducem
357 1841 492 1894 secutus
505 1847 583 1892 sum
597 1820 653 1894 Cl.
667 1823 845 1913 RUPERTI,
858 1821 904 1896 ita
915 1822 953 1894 in
966 1821 1102 1894 edendo
1113 1844 1219 1922 atque

172 1937 378 2010 illustrando
397 1938 438 2010 C.
455 1935 527 2010 Silii
540 1935 647 2008 Italici
660 1958 819 2035 poemate
831 1937 875 2008 ad
890 1937 1046 2038 ejusdem
1060 1938 1219 2038 auspicia

175 2074 210 2124 et
219 2053 340 2126 vexilla
350 2036 446 2126 volui
464 2080 522 2126 me
534 2073 750 2144 convertere,
767 2052 866 2152 quia,
886 2074 924 2126 ut
934 2053 1050 2126 aiebat
1062 2054 1221 2152 Heynius

172 2167 210 2240 in
230 2169 431 2267 praefatione
452 2170 581 2266 (quarn
599 2169 643 2240 ad
662 2167 795 2240 calcem
817 2170 928 2268 operis
951 2169 1141 2271 rejiciam),
1161 2168 1220 2240 ille

174 2283 211 2356 in
232 2282 315 2356 Silio
338 2283 595 2392 interpretando
618 2306 762 2383 operam
783 2285 900 2382 posuit
924 2306 997 2356 tam
1026 2283 1164 2356 doctam
1189 2302 1223 2354 et

176 2420 390 2490 accuratam,
412 2419 451 2472 ut
469 2401 559 2500 aequi
576 2400 715 2500 judices
737 2401 827 2474 inter
843 2401 1007 2474 meliores
1024 2425 1108 2472 cum
1121 2397 1223 2470 habi·

178 2515 246 2588 turi
263 2515 335 2588 sint
353 2515 572 2613 interpretes,
597 2514 658 2614 qui
677 2515 830 2590 criticam
851 2515 1041 2588 sollertiam
1064 2541 1148 2586 curn
1169 2513 1224 2586 in-

176 2631 389 2730 terpretandi
407 2631 596 2704 subtilitate
612 2631 773 2731 preclare
786 2632 1015 2734 conjunxerit.

222 2749 325 2830 Mens
337 2746 485 2848 quidem
501 2746 691 2847 aliquando
706 2748 794 2822 mihi
811 2751 939 2836 fuerat,
955 2775 1068 2848 quum
1083 2746 1127 2820 de
1139 2745 1223 2818 Silio

174 2862 294 2937 Italico
309 2865 400 2938 bene
418 2864 543 2936 mereri
561 2865 705 2954 vellem,
723 2866 760 2941 iu
777 2865 842 2942 hac
858 2865 1014 2939 editione
1029 2887 1163 2934 norum
1181 2861 1225 2934 de

174 2976 307 3075 integro
323 2978 481 3054 laborem
498 2980 689 3068 mandare,
710 3004 963 3082 perpetuasque
983 2977 1226 3053 adnotationes

174 3092 347 3188 proferre,
360 3121 447 3189 quas
458 3095 538 3168 ideo
553 3095 598 3168 ad
610 3096 872 3170 concinnandas
887 3096 1081 3196 adjutorem
1096 3115 1226 3191 quare·

174 3203 275 3295 bam,
291 3226 326 3278 et
336 3205 414 3307 jam
430 3208 548 3282 virum
564 3210 664 3285 omni
678 3210 918 3284 doctrinarum
935 3207 1148 3307 supellectile
1165 3203 1228 3276 ad·

179 3339 354 3412 ornatam,
371 3341 413 3396 ut
425 3321 512 3396 inid
529 3349 617 3422 opus
629 3350 664 3396 se
680 3323 890 3421 accingeret,
906 3321 1144 3394 invitaveram.

227 3434 460 3532 Antiqaomm
474 3440 570 3516 enim
588 3457 787 3538 poetarum,
810 3435 874 3510 viri
893 3434 984 3507 docti
997 3432 1139 3506 nullum
1153 3432 1225 3506 fere

177 3548 306 3648 magis,
323 3577 429 3649 quam
446 3553 589 3643 Silium,
606 3554 804 3656 neglexere,
825 3571 875 3643 ct,
893 3552 954 3652 qui
970 3551 1102 3651 optime
1119 3551 1225 3624 etiam

177 3664 220 3736 de
236 3691 276 3738 eo
291 3667 405 3742 meriti
420 3692 520 3760 sunt,
535 3672 580 3745 ad
592 3672 912 3773 interpretationem
925 3691 1044 3746 tamen
1059 3669 1224 3743 carminis

174 3804 300 3876 parum
314 3785 511 3877 contulere,
531 3813 747 3888 omnemque
769 3813 868 3888 paene
889 3787 1034 3888 operam
1052 3785 1090 3858 in
1107 3783 1224 3857 critica

174 3894 250 3994 ejus
271 3900 475 3974 tractatione
497 3923 698 4002 posuerunt.
719 3905 949 4002 Quicumque
970 3904 1077 4002 igitur
1096 3901 1223 3974 editio-

173 4033 275 4101 nem,
289 4013 372 4087 Silio
381 4015 547 4115 dignam,
559 4019 759 4112 meditatur,
773 4021 804 4094 ei
817 4047 908 4095 nova
919 4019 1076 4116 adeoque
1088 4015 1223 4088 lubrica

169 4125 229 4201 via
242 4127 488 4230 ingrediendm
507 4157 541 4211 et
553 4163 627 4213 non
642 4159 817 4214 contextus
829 4157 984 4228 tantum,
999 4157 1108 4235 quam
1123 4149 1156 4202 et
1169 4155 1222 4202 ac·
