3054 4666
468 436 779 502 PUNIGOBUM
802 437 894 502 LIB.
919 439 981 502 VI.

1179 443 1240 506 355

203 580 369 659 Procedit,
382 596 538 645 renovata
549 577 631 644 focis
644 592 678 641 et
688 598 834 665 paupere
846 577 945 640 Vesta

205 691 346 755 Lumina
358 683 584 775 praetendens,
597 699 701 772 utque
714 705 771 747 ora
783 682 931 771 agnovit,
945 699 978 747 et
990 707 1113 774 aegrum

207 794 408 860 Vulneribus
421 790 526 870 duris,
538 811 576 856 ac
587 787 814 875 (lamentabile
825 789 933 874 visui)

209 904 388 992 Lapsantes
400 899 522 965 fultum
535 911 683 962 truncata
695 891 832 982 cuspide
844 916 987 982 gressus,

163 1081 165 1084 ,
211 1008 347 1072 Funesti
359 1028 491 1071 rumore
503 1003 580 1068 mali
588 1002 658 1093 jam
670 1001 797 1066 saucius
810 1023 906 1066 aures
920 1025 927 1064 :

1223 1019 1252 1068 8⁰

216 1145 230 1174 a
240 1112 339 1200 Quod
352 1113 472 1193 scelus,
486 1110 638 1178 onimius
649 1109 740 1182 vitae',
754 1110 960 1198 nimiumque
972 1110 1117 1178 ferendis

215 1219 367 1286 Adversis
380 1219 510 1310 genitus
523 1217 640 1282 cerno?
652 1213 963 1296 te,maxime,vidi,
1242 1303 1247 1312 .

214 1329 414 1405 Doctorum,
428 1347 531 1413 quum
543 1323 672 1410 captivo
685 1320 888 1409 Carthaginis
899 1343 1008 1386 arcem
1028 1360 1033 1368 .
1135 1343 1143 1358 ·

216 1434 374 1498 Terreres
385 1430 494 1510 vultu,
508 1429 632 1495 crimen
644 1427 842 1517 culpamque
854 1429 1028 1508 Tonantis,

219 1537 394 1616 Occidere,
407 1553 506 1626 atque
518 1533 627 1613 hausi,
641 1556 742 1622 quem
754 1555 821 1598 non
833 1531 966 1598 Sidonia
978 1550 1064 1600 tecta

1229 1551 1258 1599 at

219 1643 414 1732 Expulerint
426 1663 541 1708 eversa
550 1663 625 1706 meo
639 1637 681 1704 de
692 1639 808 1719 corde,
822 1637 982 1704 dolorem.

222 1753 307 1816 Estis
320 1749 377 1815 uhi
390 1753 446 1814 en!
460 1749 596 1825 iterum,
608 1746 743 1833 Superi?
754 1745 811 1810 dat
823 1761 956 1833 pectora
969 1747 1057 1814 ferro

222 1918 287 1982 qnod
295 1917 383 1978 recepit
392 1913 447 1962 crit.
455 1915 510 1977 quia
519 1928 572 1962 eum
581 1910 691 1960 Evolvem
697 1913 843 1976 jungitur.-
850 1912 886 1974 76.
898 1922 958 1958 veste
964 1913 1067 1970 Marsus,
1079 1927 1102 1961 et
1111 1915 1203 1978 quidem
1211 1917 1263 1975 alii,

222 1988 310 2050 vulgari
326 2002 417 2041 errore;
436 1985 483 2032 vid.
502 1999 560 2048 qnos
576 1983 678 2032 Drahen.
694 1983 773 2030 laudat
783 1985 833 2028 VV.
850 1985 900 2030 DD.
913 1983 943 2030 ad
954 1984 1020 2030 ovtrt.
1036 1986 1149 2044 Fatevl,
1168 1977 1226 2044 2⁴34,
1242 1999 1266 2034 et

223 2057 325 2106 ilrenhh.
342 2057 372 2103 nd
382 2060 452 2118 Pmp.
465 2058 500 2111 ll,
513 2068 577 2111 xxti,
592 2069 628 2118 ²7·
638 2079 671 2090 -
682 2054 719 2117 78.
737 2052 875 2100 Vulneribus
886 2055 975 2111 crudis,
986 2053 1011 2101 h.
1024 2071 1044 2102 e.
1060 2059 1204 2113 recentibus,
1217 2073 1267 2104 mr-

223 2132 286 2180 lebet
297 2133 326 2177 N.
336 2131 415 2176 lleinr.
425 2129 477 2174 Non
489 2127 561 2182 mule;
572 2127 671 2174 sednon
685 2141 780 2174 necesse
791 2139 832 2174 eet.
843 2125 921 2172 -81,
932 2129 1012 2174 ntim'us
1023 2132 1087 2187 vitoe,
1099 2133 1139 2192 qui
1151 2133 1217 2176 nimis
1227 2131 1268 2178 diu

203 2233 210 2246 ,
225 2205 281 2259 viri,
296 2201 377 2248 Colon.
394 2215 442 2246 non
455 2199 539 2260 reirag.
555 2200 641 2260 Daurq.
654 2196 775 2260 Vulgutam
789 2201 883 2244 rriminrn
898 2202 977 2245 uite...
992 2203 1080 2264 penitus
1093 2200 1153 2248 male
1165 2201 1269 2249 defendit

225 2273 303 2322 Burin.
314 2272 371 2318 hdr.
384 2274 407 2328 l,
424 2271 464 2326 13;
476 2281 502 2317 ut
513 2272 554 2326 rit,
565 2271 605 2334 qui
616 2272 670 2316 vixit
683 2270 736 2326 diu,
749 2283 775 2317 ut
789 2270 889 2326 videret,
902 2286 953 2334 qnae
965 2272 1062 2318 maxime
1074 2274 1176 2330 nmmum
1189 2271 1268 2319 nollet.

226 2367 258 2380 -
270 2342 308 2391 85.
325 2343 378 2388 ausi
388 2340 482 2404 quidam
497 2351 594 2386 recentt.
607 2366 638 2376 ·-
649 2337 687 2386 86.
704 2339 845 2402 Expulerunt
858 2341 902 2386 Or.
915 2365 945 2375 -
957 2339 994 2403 87.
1007 2355 1048 2395 eu,
1062 2339 1085 2386 h.
1099 2357 1120 2386 e.
1135 2340 1194 2398 heu,
1207 2341 1269 2403 conj.

227 2413 257 2458 N.
270 2413 349 2459 lleinr.

228 2564 257 2604 et
272 2563 358 2612 tace13
375 2549 438 2603 hine
454 2549 488 2603 de
501 2568 554 2622 quo
569 2549 635 2602 nihil
651 2547 729 2601 audi-

231 2643 284 2698 tnr,
295 2633 416 2704 ignotus,
428 2631 573 2696 obscurus,
587 2627 729 2702 ignobilis,

232 2731 256 2764 v.
268 2731 291 2762 e.
304 2712 385 2763 terte
394 2712 474 2764 turdoe
486 2722 511 2762 et
522 2711 646 2786 ignobiles
658 2707 730 2779 apud

231 2792 299 2844 Plin.
310 2791 371 2857 llll,
382 2809 412 2854 a;
426 2791 497 2843 conf.
511 2792 597 2862 lntpp.
614 2788 649 2842 ad
657 2790 730 2854 vttt,

233 2871 300 2940 2483
313 2869 428 2922 Broukh.
443 2869 476 2921 ad
490 2871 567 2939 Prop.
583 2873 606 2934 l,
618 2884 669 2935 vtt,
686 2869 731 2930 18,

233 2964 260 3002 et
271 2949 361 3002 Barth.
375 2948 410 3001 ad
422 2945 487 2998 Stat.
500 2947 550 3000 Th'.
563 2951 606 3013 lV,
618 2947 678 3017 359.
692 2947 733 2998 si-

235 3031 333 3085 militer
345 3041 469 3082 maturet
481 3047 560 3082 coeerts
574 3031 673 3100 passim
684 3046 732 3078 oe·

236 3123 361 3174 eurrun13
375 3108 428 3162 vid.
443 3108 478 3161 ad
493 3111 540 3176 ttt,
553 3107 619 3178 579,
630 3119 657 3160 et
666 3111 698 3173 V,
709 3124 733 3158 2.

236 3221 272 3234 -
286 3191 329 3262 76,
345 3200 481 3256 renovate,
494 3186 617 3240 adcensa.
629 3217 663 3226 -
675 3187 735 3241 Ves-

239 3282 280 3336 ta,
293 3269 374 3330 torte,
385 3269 466 3341 ignis,
476 3267 518 3320 vel
531 3269 617 3319 focus.
627 3297 663 3306 -
670 3286 738 3340 pau-

235 3368 311 3426 pere,
324 3350 433 3421 exigua,
444 3347 529 3418 qualia
540 3343 688 3418 pauperum
699 3363 738 3396 es-

240 3449 269 3482 se
282 3429 357 3482 solet.
369 3457 405 3467 -
415 3445 456 3498 79.
470 3427 510 3480 Cf.
524 3427 596 3499 Vivg.
608 3429 666 3478 AEn.
677 3426 739 3492 Xll,

241 3511 304 3576 386,
316 3509 452 3560 -Atternos
461 3507 540 3579 longa
548 3509 674 3560 nitentem
682 3523 740 3558 eur·
760 3536 764 3544 ·

242 3589 305 3661 pide
321 3604 459 3659 gressum·
479 3599 506 3639 et
525 3605 583 3658 sup.
599 3605 623 3636 v.
646 3603 687 3656 7⁰·
706 3615 739 3626 —

243 3671 285 3724 80.
297 3665 420 3720 Similiter
428 3668 533 3741 grauior
542 3687 573 3718 ne
583 3667 687 3720 nundus
695 3685 741 3717 au·

243 3768 280 3802 res
297 3747 324 3802 V
321 3747 420 3799 uiueret
434 3745 500 3798 (lixit
513 3747 584 3816 Virg.
600 3747 658 3798 AEn.
668 3747 742 3812 Vlll,

244 3827 309 3892 582,
319 3825 367 3877 nbi
376 3825 430 3878 vid.
442 3825 529 3876 Burin.

282 3908 324 3959 82.
346 3905 477 3958 Praeclara
495 3904 529 3956 ad
546 3902 675 3974 Regulum
694 3921 743 3974 pe-

247 4001 314 4040 trem
327 3985 506 4058 apostrophe,
517 4003 570 4055 qna
582 3983 686 4046 Marus,
699 3981 746 4034 do·

246 4066 305 4118 lore
334 4079 361 4120 et
388 4065 571 4137 indignatione
599 4065 746 4128 incensus,

247 4149 335 4212 Deos,
354 4144 486 4198 mulorum
505 4155 642 4207 auctores,
661 4143 748 4212 gravi·

248 4237 290 4280 ter
302 4225 421 4282 adcurat.
434 4223 549 4278 Draken.
561 4222 630 4278 adv.
641 4223 689 4292 84,
700 4221 747 4276 du·

773 2549 834 2621 pler
843 2550 979 2623 inpietatis
989 2549 1127 2622 gentilium
1137 2553 1272 2623 specimen

774 2645 864 2698 notat,
877 2633 936 2702 qui,
951 2631 997 2682 uhi
1008 2629 1072 2702 quid
1083 2633 1192 2684 infausti
1207 2633 1273 2704 piis,

775 2725 801 2764 et
820 2724 913 2762 contra
933 2711 1053 2781 inprobis
1070 2713 1159 2764 fausta
1176 2711 1273 2781 quaevis

775 2793 882 2842 evenire
896 2789 1025 2856 viderint,
1042 2791 1161 2868 Deorum
1179 2791 1207 2844 id
1223 2792 1274 2842 eri·

776 2873 846 2922 mine
857 2885 882 2922 et
893 2870 993 2924 invidia
1003 2873 1157 2942 contingere
1165 2883 1274 2941 putave-

777 2952 845 3016 rint,
861 2961 887 3000 et
898 2951 968 3002 Deos
984 2969 1055 3016 esse,
1067 2951 1108 3003 vel
1125 2968 1167 3002 res
1179 2949 1276 3002 huma·

778 3047 826 3080 nas
845 3047 954 3094 curare,
973 3031 1135 3100 negaverint.
1157 3029 1218 3079 Haec
1236 3028 1277 3079 ln·

779 3106 879 3178 quendi
895 3121 921 3160 et
938 3108 1074 3179 cogitandi
1091 3099 1175 3172 ratio,
1197 3123 1277 3176 quam

781 3187 860 3259 inpie
871 3185 1009 3259 gentilium
1019 3187 1162 3256 priscorum
1177 3185 1279 3238 nationi

781 3265 938 3316 familiarem
949 3265 1045 3332 fuisse,
1053 3264 1142 3316 multis
1152 3264 1279 3336 exemplis

783 3343 914 3411 ostendit,
925 3345 1012 3397 minus
1027 3344 1147 3398 offendet
1159 3363 1219 3412 eos,
1233 3347 1281 3416 qui

782 3425 891 3476 Homeri
902 3437 1073 3495 veterumque
1083 3439 1222 3495 poetarum
1232 3425 1282 3477 lec·

784 3507 857 3558 tione
871 3505 965 3556 imbuti
983 3519 1052 3556 sunt.
1071 3535 1105 3545 -
1119 3507 1161 3559 83.
1178 3509 1281 3580 captivo

785 3585 874 3650 uultu,
887 3587 1008 3654 quamvis
1020 3587 1140 3656 captivus
1156 3603 1234 3638 esser.
1246 3615 1282 3626 -

786 3667 828 3732 84.
841 3665 937 3716 crinem
950 3664 1105 3737 culpamque
1116 3666 1242 3718 Tonantis
1253 3679 1282 3717 ut

786 3746 891 3799 dedecus
897 3765 921 3796 v.
931 3747 990 3814 340.
1000 3746 1056 3798 Diis
1059 3747 1150 3816 facere
1157 3749 1281 3800 inuidiam

788 3845 830 3898 ap.
840 3825 951 3893 Quintil.
960 3826 1032 3878 Deel.
1041 3829 1111 3895 vill,
1122 3831 1165 3896 tlt
1175 3830 1221 3881 uhi
1229 3829 1282 3880 vid.

788 3909 877 3959 Burm.
887 3925 913 3976 p.
930 3906 985 3957 tllo.
996 3909 1073 3958 Conl.
1088 3908 1122 3960 ad
1134 3909 1183 3974 tlt,
1196 3909 1244 3978 78,
1256 3909 1283 3958 in

787 3987 819 4036 V.
832 3984 860 4035 L.
872 3999 898 4038 et
910 3987 1006 4055 Caper.
1016 3987 1093 4040 Ohss.
1106 3991 1142 4056 ll,
1155 3989 1180 4055 4.
1193 4017 1228 4029 --
1240 3989 1282 4038 85.

789 4065 854 4137 Cepi
864 4064 926 4116 inde
938 4063 1072 4136 dolorem,
1084 4087 1164 4139 quem
1176 4087 1210 4120 ne
1221 4067 1287 4118 Car-

790 4143 904 4218 thaginis
921 4145 1028 4217 quidem
1044 4150 1146 4201 eversio
1165 4148 1246 4200 lenire
1259 4157 1285 4197 et

790 4224 925 4299 depellere
934 4230 1026 4300 potiit.
1037 4259 1072 4270 -
1082 4229 1124 4298 87.
1134 4228 1227 4300 Superi
1233 4228 1286 4298 jur·

1067 4317 1108 4368 23.
