3054 4666
511 465 824 530 PUNICORUM
846 465 940 530 Lm
965 470 1028 532 Vl.
1227 473 1285 562 371
1348 477 1349 486 ’

250 613 290 675 Et
303 608 392 674 duris
405 607 533 672 lacilem
545 627 607 695 per
618 603 785 693 inhospita
796 603 919 671 ducere
931 607 1046 690 vitam,

248 712 345 780 Haud
360 715 426 793 isti,
440 735 541 802 quem
553 733 642 776 nunc
654 732 757 800 penes
770 728 819 777 est
831 709 975 778 sollertia
986 713 1079 796 belli,

248 821 389 889 Cederet
402 817 587 886 Hannibali.
600 819 730 883 Vellem
742 817 846 900 hunc,
861 843 881 885 o
894 822 996 886 tristia
1009 824 1104 889 nobis
1247 843 1291 890 ιιι

247 933 407 1022 Taygeta,
421 927 511 994 hunc
524 951 628 992 unum
639 949 708 991 non
722 927 899 994 durassetis
912 931 1022 1020 opacis
1110 913 1112 917 ι

249 1040 381 1102 Eurotae
393 1036 487 1126 ripis!
500 1031 665 1100 Vidissem
678 1035 800 1098 moenia
812 1033 952 1101 llammis

246 1141 415 1208 Phoenissa
427 1162 557 1220 eruere;
570 1155 628 1203 aut
639 1157 729 1204 certe
742 1161 809 1204 non
822 1138 956 1206 horrida
970 1141 1035 1207 fata

247 1249 426 1314 Flevissem
438 1245 547 1324 ducis,
561 1261 595 1310 et
606 1245 696 1310 nulla
710 1268 793 1336 quos
806 1263 913 1311 morte
927 1271 988 1312 nec
1001 1249 1084 1337 igni,

245 1399 329 1445 dacem
339 1413 389 1444 esse
398 1433 405 1454 ,
415 1395 476 1443 bello
488 1411 599 1459 praesse,
610 1408 648 1452 ut,
659 1395 723 1459 quod
732 1395 803 1442 Drak.
816 1408 911 1452 monet,
923 1396 982 1443 belle
991 1413 1067 1462 repere
1073 1399 1129 1454 Vll,
1140 1397 1168 1462 47
1177 1433 1183 1454 ,
1194 1413 1217 1446 et
1228 1401 1294 1450 disci-

244 1466 330 1532 plissom
341 1484 360 1514 r.
373 1482 411 1529 ap.
424 1468 486 1512 Suet.
498 1466 556 1510 Cas.
569 1481 589 1511 o.
602 1463 647 1522 48,
661 1476 683 1511 et
694 1467 753 1526 Aug.
767 1481 787 1512 c.
802 1464 839 1522 sd.
852 1465 911 1510 Add.
923 1465 980 1513 Cas.
993 1467 1018 1512 B.
1032 1468 1060 1514 G.
1068 1467 1114 1522 vt,
1128 1467 1167 1522 16;
1179 1467 1220 1515 ubi
1229 1472 1296 1517 Mars

245 1539 305 1586 helin
315 1543 378 1601 repit.
395 1539 495 1584 Mortm
508 1538 565 1584 eiers
577 1539 652 1584 Oson.
667 1549 691 1584 et
702 1539 754 1584 Pst.
770 1553 824 1584 oum
835 1537 915 1599 priscis
927 1537 980 1586 edd.
996 1538 1060 1601 quod
1073 1539 1178 1588 defendit
1192 1543 1294 1590 Gronov.

244 1612 310 1658 Obss.
323 1611 363 1664 Ν,
374 1611 401 1666 6,
412 1625 455 1655 nec
465 1609 573 1672 inprobat
584 1610 612 1652 N.
624 1609 701 1656 licius.
715 1611 733 1654 si
745 1611 790 1655 cire
800 1609 925 1665 scribatur,
938 1610 1012 1656 verbo
1024 1613 1131 1672 antiquo,
1145 1613 1206 1658 unde
1218 1619 1295 1661 comi-

245 1699 282 1738 rs,
295 1684 369 1729 excire
376 1715 384 1738 ,
395 1692 439 1728 etc.
452 1697 481 1728 ne
491 1694 570 1727 versus
579 1679 676 1726 uberet.
687 1681 752 1727 ldem
762 1695 838 1727 tamen
848 1683 910 1743 conj.
922 1681 1021 1728 Martem
1032 1691 1117 1747 tepere,
1131 1683 1293 1742 emasculare,

244 1753 309 1814 qaod
319 1751 408 1813 lenqet,
421 1753 531 1814 quoniam
542 1750 572 1796 de
586 1751 672 1797 insidiis
688 1753 712 1796 in
728 1751 801 1798 altero
813 1749 957 1798 hemistichia
969 1753 1051 1813 agitur.
1061 1777 1094 1788 -
1103 1751 1157 1800 308.
1168 1757 1239 1801 durus
1249 1757 1295 1801 du-

243 1825 370 1870 cerevissam
383 1838 410 1868 es
420 1822 475 1869 edit.
488 1823 563 1867 Parm.
575 1835 597 1868 et
609 1821 673 1868 Med.
687 1837 797 1884 recepere
807 1823 909 1869 Draken.
926 1835 948 1869 et
962 1823 1041 1870 Lefeb.
1054 1825 1165 1872 suadente
1174 1828 1203 1872 N.
1217 1828 1295 1876 lleins.

244 1894 274 1941 el.
285 1895 365 1940 Horat.
378 1895 424 1939 Sat.
435 1895 458 1948 l,
471 1905 505 1947 tv,
518 1891 540 1938 8.
552 1895 604 1954 lpse
617 1893 748 1955 auspicabar
759 1893 882 1956 aliquando
893 1891 1016 1955 legendum
1032 1911 1095 1952 esse,
1109 1895 1141 1942 Et
1152 1897 1245 1954 nocuo,
1258 1899 1295 1945 vel

244 1963 335 2016 doeilr's,
349 1964 430 2018 utili,
445 1962 502 2016 233;
515 1964 555 2019 tv,
567 1963 597 2019 ὃς
614 1963 679 2018 ΧΙΠ,
699 1979 749 2010 rao.
763 1963 807 2009 Sed
819 1980 880 2010 natue
893 1979 918 2009 re
928 1962 1060 2012 adcuratias
1071 1979 1188 2028 perpensa
1199 1969 1238 2013 vix
1251 1967 1295 2013 du·

243 2032 305 2088 bito,
318 2033 372 2095 quin
386 2047 439 2078 vera
454 2030 522 2078 lectio
534 2033 561 2077 sit
571 2032 649 2087 dariis,
659 2047 730 2094 qnam
742 2048 770 2079 ex
782 2034 870 2095 scriptis
880 2045 902 2078 et
912 2031 1029 2094 plerisque
1042 2033 1094 2079 edd.
1107 2038 1228 2092 revocavi,
1240 2035 1296 2082 sub·

243 2103 287 2151 lata
300 2107 486 2167 interpunctione
498 2105 579 2166 majori
590 2117 644 2167 post
657 2109 741 2162 vitam,
753 2121 805 2168 quae
818 2104 930 2167 displicuit
941 2107 1010 2152 etiam
1025 2107 1106 2153 Leieb.
1124 2110 1165 2170 qui
1180 2120 1256 2157 tamen
1267 2105 1295 2157 el

243 2177 315 2222 daenes
326 2173 497 2236 praeferendum
513 2187 585 2237 putat.
597 2201 628 2210 -
640 2175 692 2237 309.
706 2179 749 2239 ipsi
759 2175 859 2223 malebat
871 2178 899 2222 ll.
910 2177 987 2222 Heius.
999 2176 1113 2223 inmemor
1129 2191 1227 2234 eorum,
1243 2195 1294 2242 qaue

242 2245 271 2290 ad
282 2247 346 2306 virg.
361 2247 408 2292 AEn.
417 2245 474 2302 Vll,
488 2261 543 2300 rso,
558 2257 684 2292 notaverat.
697 2271 728 2281 -
738 2247 791 2292 313.
805 2247 925 2309 Quotquot
936 2245 989 2291 libri
1003 2259 1057 2293 sunt
1068 2249 1128 2302 noti,
1139 2246 1225 2295 habent
1239 2263 1293 2294 mre·

243 2319 280 2363 ιιίιι
285 2318 308 2381 f
319 2315 441 2364 Phoenr'ssoe
451 2333 516 2364 ruere
527 2317 574 2364 scil.
585 2316 657 2374 urbis,
668 2319 703 2364 vel
713 2319 821 2374 Didonis,
834 2335 886 2382 quae
896 2331 994 2381 utraque
1007 2321 1065 2366 ratio
1077 2319 1134 2366 dura
1147 2334 1188 2366 est.
1200 2323 1257 2367 lliuc
1267 2324 1295 2368 si-

239 2403 268 2433 ue
279 2387 323 2434 ulla
333 2386 450 2434 literarum
463 2387 590 2433 mutatione
603 2388 683 2448 scripsi
698 2389 809 2450 moem'as.
825 2387 941 2433 Ploerrs'ssa
950 2403 1042 2444 cruere,
1055 2387 1140 2441 scilieet
1151 2389 1243 2446 ducem,
1257 2390 1294 2436 vel

243 2455 356 2519 Regulum
371 2459 481 2504 vidissem.
501 2456 616 2502 ludaeior
632 2469 666 2502 est
683 2455 812 2502 eurendntio
825 2459 852 2501 N.
868 2457 945 2500 lleins.
963 2453 1087 2501 Phoenissae
1097 2465 1233 2512 rutmors,
1249 2473 1293 2504 nee

242 2529 367 2592 quidquam
376 2527 475 2590 prolicit.
488 2553 520 2563 —
531 2527 584 2583 314.
598 2535 622 2571 ut
633 2524 700 2600 nullq
708 2542 766 2572 ιιιιιιε
779 2536 849 2574 morte
860 2528 921 2589 conj.
933 2527 1011 2572 uum.
1025 2528 1094 2590 prob.
1110 2528 1210 2574 Draken.
1223 2539 1246 2574 et
1257 2527 1293 2575 tlt.

242 2601 347 2654 Ernesti,
359 2602 398 2662 qui
410 2611 500 2656 tamen,
513 2601 554 2645 etsi
566 2601 589 2643 iu
601 2613 671 2644 sensu
682 2594 734 2644 non'
741 2598 806 2644 valde
818 2597 903 2654 haret,
916 2597 986 2643 verba
999 2613 1047 2662 seq.
1061 2613 1108 2644 non
1118 2597 1183 2644 valde
1194 2598 1293 2660 probat,

241 2671 326 2736 quibus
338 2673 361 2718 iu
370 2675 434 2719 omni
443 2671 495 2719 Silio
507 2671 568 2718 nulla
580 2669 623 2716 alia
639 2671 734 2718 duriora
746 2668 769 2716 el
781 2673 851 2732 magis
868 2671 953 2716 absona
966 2682 1055 2716 exstent
1062 2687 1069 2726 ;
1084 2671 1164 2716 ducs's:
1176 2678 1214 2726 at,
1228 2669 1294 2718 nullo

240 2757 298 2806 qrsos
310 2759 339 2789 m.
351 2759 372 2790 n.
384 2745 398 2788 ι’.
413 2745 519 2798 Exutas,
529 2757 636 2798 semesas,
649 2752 693 2788 etc.
704 2741 794 2787 rehnsit
803 2739 884 2787 Lefeh.
895 2753 920 2786 at
931 2749 1014 2786 exutus
1024 2743 1052 2787 sit
1061 2757 1104 2802 pro
1117 2753 1196 2786 exuar.
1208 2743 1242 2788 lta
1251 2757 1294 2794 so,-

240 2813 275 2859 lus
288 2811 350 2860 buno
361 2814 438 2860 locum
450 2812 585 2859 intellexisse
597 2811 689 2857 videtur
701 2811 757 2868 sibi,
771 2827 819 2858 noa
829 2810 897 2867 mibi,
909 2825 952 2858 nee
962 2810 1028 2857 laeile
1041 2811 1096 2857 aliis.
1109 2813 1153 2858 Sed
1162 2809 1189 2858 el
1202 2813 1293 2857 Exutus

240 2883 343 2932 arridere
355 2896 447 2948 potest,
458 2897 481 2930 et
492 2881 547 2929 mihi
556 2899 651 2946 qnoque
663 2885 687 2928 in
699 2897 801 2929 mentem
812 2885 889 2929 veuit:
901 2883 1125 2947 uonflevissemfiatu
1134 2884 1157 2930 d.
1170 2893 1193 2929 et
1204 2881 1293 2939 luetrrs,

239 2972 297 3021 quoa
308 2973 400 3003 servans
409 2955 504 3022 portabo
515 2960 538 3002 s'rt
550 2959 659 3009 Tartaro,
672 2965 770 3012 exutas,
783 2954 892 3002 liberatus
903 2953 933 3000 ab
943 2956 985 3012 iis,
1002 2955 1080 3014 (conl.
1090 2957 1117 3010 1,
1131 2953 1175 3013 36)
1188 2953 1252 3000 nulla
1261 2971 1291 3001 m.

242 3041 265 3070 st.
278 3029 292 3072 i.
306 3027 352 3072 rid.
368 3039 416 3073 not.

241 3145 268 3197 h.
282 3165 305 3198 e.
319 3146 346 3196 in
356 3147 456 3210 Marte,
468 3143 540 3196 bello
551 3143 683 3214 regendo,
696 3143 745 3195 ad·
790 3142 967 3210 336,ubirid.
976 3145 1066 3214 lntpp.
1075 3141 1143 3192 Hinc
1152 3141 1292 3214 duriSpar-

241 3224 432 3290 ministrando,
445 3225 471 3275 in
480 3238 537 3274 arte
545 3221 620 3273 ducis
631 3222 678 3294 (ut
688 3221 744 3273 fere
789 3221 991 3274 tiatoedicuntur
1001 3219 1142 3272 Cie.'l'use.
1151 3220 1172 3284 l,
1181 3220 1290 3286 tlh—ln

243 3323 287 3377 ap.
298 3307 369 3375 Virg.
380 3304 427 3356 Ge.
438 3305 475 3371 11,
485 3321 533 3373 99,
545 3315 571 3354 et
581 3319 639 3372 sup.
649 3303 681 3367 V,
692 3299 742 3354 352
789 3301 885 3354 Annal.
896 3300 976 3352 litter.
987 3299 1114 3370 Goetting.
1128 3317 1189 3350 ann.
1207 3315 1289 3369 1790,

243 3402 293 3455 sq„
305 3383 354 3436 552
364 3401 419 3454 aeq.
429 3381 536 3434 ubivid.
545 3383 618 3452 not.)
626 3391 745 3452 -atque
789 3402 816 3454 p.
825 3399 890 3452 797,
901 3399 925 3430 v.
935 3380 986 3433 308
995 3381 1031 3430 ita
1039 3377 1199 3449 explicatur:
1209 3381 1290 3429 vitam

241 3475 309 3516 estus
324 3461 559 3537 aslp’uwereserro,
577 3462 604 3513 in
622 3457 743 3512 locandis
789 3461 904 3528 facilem,
916 3460 967 3512 hoc
978 3451 1027 3526 eit,
1038 3460 1094 3510 sine
1106 3457 1289 3510 molestiarum

241 3541 359 3608 insidiis,
376 3555 402 3593 et
416 3561 465 3615 per
479 3540 609 3612 inhospita
624 3537 683 3590 loea
698 3539 744 3606 (ut
788 3559 881 3608 sensu,
897 3539 995 3592 ducere
1010 3540 1038 3589 in
1054 3538 1133 3590 rebus
1149 3536 1231 3588 duris.

241 3621 285 3689 IV,
298 3621 369 3694 753)
382 3622 463 3673 vitam
476 3619 566 3671 ducere
572 3618 683 3691 facilem
695 3617 745 3670 du·
831 3622 891 3674 311.
907 3619 1036 3694 Tayqetu,
1054 3615 1108 3668 sid.
1122 3615 1155 3667 ad
1168 3616 1212 3680 lV,
1228 3615 1288 3669 361.

242 3702 288 3768 νὺ,
299 3699 326 3752 h·
336 3721 359 3754 e·
371 3699 503 3752 induratis
514 3699 549 3752 ad
558 3697 660 3750 bellum
670 3713 695 3751 et
705 3696 744 3749 la·
788 3703 814 3755 Si
832 3701 876 3754 hio
894 3719 961 3752 unus
974 3701 1121 3771 Spartanus
1137 3695 1209 3748 haud
1223 3697 1290 3749 luis-

242 3781 344 3836 borem.
356 3781 417 3834 Vid.
431 3781 500 3848 adl,
512 3779 571 3834 558.
584 3781 652 3831 Nam
662 3781 743 3853 Spar·
788 3795 841 3848 set,
855 3799 907 3834 non
912 3781 1042 3858 flevissem
1052 3778 1125 3830 ducis
1128 3777 1190 3850 fatu
1200 3787 1226 3829 et
1234 3777 1290 3829 lue-

243 3865 297 3914 tani
306 3862 403 3936 frigida
411 3863 516 3914 Eurota
527 3879 598 3933 aqua
608 3875 633 3912 et
643 3861 744 3912 exerci-
789 3872 842 3928 tus,
857 3861 928 3930 (vid.
944 3859 975 3912 ad
989 3879 1014 3911 v.
1030 3875 1079 3930 179
1092 3860 1118 3910 ia
1129 3859 1160 3908 V.
1170 3857 1291 3930 L‘.)quoa

242 3943 403 4010 sationibus,
420 3945 447 3994 in
462 3943 520 4013 ripa
533 3943 589 4011 ejus
603 3940 744 4005 institutis,
789 3959 891 3992 servans
896 3937 1004 4012 portabo
1014 3939 1042 3988 iss
1055 3937 1177 4001 Tartara,
1188 3947 1289 4000 exutos,

244 4023 271 4072 in
290 4023 407 4094 pueritia
423 4021 513 4074 durari
532 4019 662 4072 solebant.
683 4013 744 4069 Vid.
791 4014 1292 4092 depalans,nullaetc.s'yni‚rogo:nisi

242 4119 303 4152 mox
318 4103 355 4168 V,
372 4103 439 4169 311,
458 4113 484 4154 et
498 4119 558 4171 sup.
574 4101 623 4163 IV,
640 4098 690 4150 362
705 4114 745 4167 sq.
791 4095 826 4149 ad
848 4094 1017 4167 Carthaginis
1041 4096 1172 4148 excidium
1191 4093 1290 4145 referre

243 4181 340 4252 quihus
357 4181 422 4234 loeis
437 4182 509 4232 conf.
526 4182 634 4230 omnino
650 4176 746 4230 similia
791 4175 883 4241 malis,
897 4175 957 4228 coll.
972 4195 997 4228 r.
1014 4176 1061 4242 85,
1074 4176 1117 4228 86.
1134 4173 1202 4226 Turn
1215 4169 1291 4226 nulla

245 4261 316 4333 virg.
326 4263 382 4314 AEn.
392 4261 496 4326 tx‚603
504 4279 553 4331 sq,
562 4257 745 4324 atvall'lVl,
791 4253 1290 4328 morteexponerem‚nullins,usellen·

1104 4341 1144 4406 ιι.
