3054 4666
523 411 1037 481 PUNICORUMLIB.V1.
1235 415 1297 486 365

261 551 408 617 Pereitus
420 551 551 618 hinnitu
563 577 697 644 serpens
711 554 874 619 evolvitur
883 569 992 634 antro,
1027 535 1031 542 Ι

260 661 302 723 Et
313 659 441 748 Stygios
454 675 551 726 aestus
562 661 702 726 fumanti
715 659 863 725 exsibilat
875 681 942 724 ore.

261 763 433 830 Terribilis
445 765 576 854 gemino
590 763 632 830 de
644 766 769 829 lumine
783 763 927 853 fulgurat
939 764 1041 852 ignis:

261 871 302 933 At
313 888 430 934 nemus
441 867 582 935 adrectae
596 886 628 934 et
640 893 776 957 procera
789 871 958 934 cacumina
969 870 1069 935 saltus

261 976 467 1062 Exsuperaut
478 976 597 1055 cristan
612 973 722 1040 trifido
734 974 859 1038 vibrata
871 997 931 1062 per
942 997 1036 1038 auras

262 1081 387 1169 Lingua
399 1083 497 1148 micat
509 1098 616 1158 motu,
630 1098 730 1172 atque
741 1079 909 1148 adsultans
922 1079 1042 1147 aethera
1053 1082 1177 1148 lambit.

262 1187 307 1251 Ut
317 1209 397 1266 vero
409 1205 580 1280 strepuere
593 1189 695 1265 tubae,
708 1189 906 1254 conterritus
918 1188 982 1252 alte

262 1292 454 1358 Inmensum
465 1293 594 1359 adtollit
606 1317 741 1383 corpus,
756 1310 916 1383 tergoque
929 1293 1077 1360 residens
1258 1311 1301 1356 225

261 1397 377 1462 Cetera
390 1399 524 1464 sinuatis
538 1399 697 1487 glomerat
710 1398 771 1463 sub
783 1418 918 1486 pectore
929 1399 1025 1489 gyris.

238 1565 242 1576 ,
260 1502 338 1566 Dira
351 1500 470 1568 debinc
483 1505 517 1567 in
529 1503 615 1568 bella
627 1505 707 1582 ruit,
719 1501 901 1593 rapideque
914 1503 1080 1570 resolvens

260 1609 436 1675 Contortos
448 1609 543 1675 orbes
557 1608 683 1675 directo
695 1632 834 1698 corpore
847 1625 950 1674 totam

261 1713 416 1780 Extendit
426 1716 564 1798 molem,
578 1715 754 1805 subitoque
767 1718 974 1806 propinquus
987 1716 1022 1778 in
1034 1739 1090 1780 ora

260 1821 341 1886 Lato
356 1818 533 1886 distantum
546 1823 651 1911 spatio
664 1823 755 1886 venit
767 1845 774 1883 :
788 1821 894 1885 omnis
907 1819 1039 1885 anhelat

261 1924 435 2022 Adtonitus
449 1927 609 2016 serpentis
622 1949 727 2016 equus
737 1975 745 2008 ,
757 1926 921 2015 frenoque
934 1925 1040 1989 teneri

261 2032 443 2119 lupatienS,
456 2033 588 2098 crebros
602 2034 744 2120 exspirat
756 2031 889 2096 naribus
901 2033 1005 2120 ignes.
1034 2091 1035 2096 ,
1122 2113 1124 2124 Ι

260 2135 391 2202 Arduus
404 2138 458 2203 ille
471 2161 572 2227 super
583 2137 718 2205 tumidis
731 2137 914 2203 cervicibus
925 2137 1030 2201 altum

260 2243 360 2308 Nutat
372 2259 514 2334 utroque
527 2260 645 2331 caput:
660 2242 806 2332 trepidos
819 2241 898 2306 inde
911 2242 1030 2306 incitus
1042 2241 1090 2304 ira

260 2351 356 2415 Nunc
367 2350 508 2416 sublime
520 2351 619 2439 rapit,
633 2373 722 2415 nuno
733 2365 825 2415 vasto
838 2346 987 2437 pondere
999 2345 1122 2435 gaudet
1260 2362 1303 2408 23⁵

293 2509 344 2558 218.
354 2488 449 2566 nunti,
458 2527 504 2556 nou
513 2512 611 2566 immoni,
619 2509 761 2556 Col-aar.
771 2510 805 2556 Ac
813 2507 954 2555 blut-aab.
963 2505 1115 2567 smuatislege
1122 2506 1194 2552 tribus
1201 2504 1303 2569 syllabisg

262 2583 307 2629 rid.
318 2583 499 2646 21114495..-
510 2583 562 2630 tall.
574 2583 663 2629 derecto
673 2583 722 2628 Col.
734 2583 780 2628 vid.
791 2582 860 2636 adli,
870 2596 909 2640 9²·
920 2580 947 2626 ld
956 2583 1038 2627 tacitus
1047 2579 1135 2640 recepit
1142 2577 1193 2624 Lei.
1204 2589 1228 2625 et
1236 2577 1304 2640 prob.
1386 2581 1391 2598 '

261 2651 290 2698 ll.
300 2653 377 2700 lleins.
389 2665 415 2700 ut
423 2656 451 2700 sit
460 2662 547 2709 erecto,
559 2652 623 2715 qnod
633 2653 708 2714 rejicit
717 2651 818 2698 Srlrrnid.
830 2667 903 2714 quum
911 2665 1007 2712 serpens
1018 2662 1108 2696 erectus
1118 2648 1146 2695 sit
1155 2649 1220 2711 quasi
1229 2659 1304 2706 suns,

262 2735 285 2768 et
294 2739 374 2771 sensus
383 2725 495 2788 postulet,
507 2741 560 2771 enm
570 2728 593 2770 in
602 2725 768 2788 longitudinem
777 2736 897 2770 extensum
906 2736 929 2769 et
939 2722 1059 2768 diductum
1067 2720 1148 2767 luisse.
1158 2744 1190 2755 -
1199 2719 1252 2767 230.
1265 2736 1306 2766 mr·

262 2792 334 2853 belae,
344 2813 391 2844 non
402 2797 524 2854 anhelans,
535 2801 629 2861 scripti,
641 2801 668 2844 R.
680 2797 709 2854 3,
720 2809 744 2842 et
755 2798 830 2844 Parm.
840 2821 872 2832 -
883 2795 935 2842 231.
946 2796 977 2842 A.
989 2797 1099 2858 serpentis
1109 2809 1180 2858 equus
1192 2795 1271 2855 scripti
1282 2806 1305 2841 et

260 2868 340 2929 priseae
351 2870 404 2916 edd.
417 2882 470 2916 anto
483 2869 622 2917 Nicandrum
631 2905 637 2926 ,
647 2872 688 2933 qui
695 2871 784 2932 primus
793 2869 816 2913 A
824 2876 926 2932 serpente
937 2875 960 2913 et
967 2882 1039 2931 aqum
1050 2865 1103 2912 Silio
1113 2863 1224 2912 obtrudit.
1235 2864 1303 2912 Conl.

260 2939 290 2986 sd
300 2941 334 2997 ll,
346 2941 405 3004 370,
419 2955 441 2989 et
452 2943 513 2998 xlv,
527 2941 587 2996 2463
598 2943 628 2986 A.
639 2957 730 3005 serpens
741 2950 764 2987 et
774 2956 845 3004 equus
855 2939 892 2986 ed.
906 2940 935 2984 Β.
947 2939 1025 2985 licius.
1033 2964 1065 2974 -
1073 2935 1125 2993 234.
1138 2939 1212 2982 Natat
1222 2935 1303 2982 Colon.

261 3010 324 3072 quod
332 3012 442 3070 terbum,
455 3015 509 3076 quis
518 3014 630 3058 intrantis.
642 3024 688 3068 est,
701 3013 789 3074 respuit
797 3009 878 3057 Leleb.
891 3023 914 3056 et
926 3011 998 3055 Mittit
1009 3025 1021 3054 e
1032 3025 1053 3054 o.
1063 3007 1121 3054 Tell.
1132 3007 1235 3067 recepit,
1245 3003 1303 3052 Coll.

260 3083 326 3146 virg.
340 3087 388 3130 AEn.
396 3087 426 3141 V,
436 3084 497 3146 469;
510 3084 571 3130 undo
582 3085 659 3146 potius
667 3089 742 3147 lactat
752 3085 898 3146 refingerem.
910 3083 956 3128 Sed
967 3089 1034 3126 nutat
1043 3073 1109 3126 ms
1119 3085 1188 3141 ceput
1201 3076 1305 3140 exquisi-

262 3154 306 3200 tius
318 3165 365 3209 est,
375 3167 400 3200 ut
410 3171 447 3218 ap.
455 3153 505 3201 Vel.
518 3152 552 3199 Fl.
561 3153 630 3209 vill,
643 3151 688 3208 88,
702 3167 724 3199 et
736 3153 764 3199 sl.
778 3155 877 3214 passim3
890 3150 951 3198 conl.
964 3153 1042 3196 lleins.
1053 3149 1083 3194 ad
1092 3146 1173 3194 Claud.
1186 3145 1240 3192 bell.
1253 3145 1305 3192 Gil-

262 3225 316 3272 don.
327 3241 349 3273 v.
368 3243 412 3274 ato
423 3239 446 3274 et
459 3226 499 3272 281
511 3243 518 3282 ς
532 3227 608 3271 Mutat
619 3227 661 3271 Ox.
675 3238 698 3271 et
712 3227 763 3272 Put.
777 3241 829 3272 cum
841 3225 920 3287 priscis
932 3222 985 3270 edd.
999 3220 1063 3284 qnod
1073 3221 1148 3265 minus
1159 3217 1305 3280 displiceret,

261 3298 304 3342 nisi
314 3313 367 3344 mor
378 3311 530 3363 sequeretur,
541 3301 617 3344 Mutat
625 3299 663 3344 ed.
674 3299 737 3345 Jnnt.
749 3310 772 3345 et
784 3313 835 3361 quae
847 3297 901 3342 inde
914 3309 1026 3357 expressae
1036 3304 1102 3339 sunt:
1115 3306 1162 3336 non
1173 3289 1258 3336 infelici
1269 3289 1309 3336 rel

262 3386 341 3418 errore
351 3371 388 3417 vel
397 3371 511 3418 emendat.
524 3374 583 3418 Nem
593 3371 663 3418 rerba
676 3379 762 3416 mutare
773 3381 798 3416 et
807 3377 891 3415 motare
901 3369 987 3414 centies
998 3365 1043 3410 rim
1054 3362 1158 3410 movendi
1166 3359 1270 3418 habere,
1282 3373 1306 3408 et

262 3459 274 3488 s
289 3441 386 3490 librariis
398 3455 444 3489 tam
458 3445 519 3490 inter
532 3459 572 3498 se,
589 3459 659 3507 quum
671 3459 724 3489 eum
741 3451 821 3488 nutare
839 3437 966 3494 confundi,
978 3435 1122 3482 doeenrvv.
1135 3433 1185 3479 DI).
1200 3433 1305 3494 advirg.

262 3512 347 3569 ΜΝ,
358 3515 387 3572 5;
398 3516 445 3570 Vl,
459 3514 503 3570 28;
516 3516 549 3561 AE.
561 3516 608 3572 lll,
620 3515 661 3560 581
672 3531 679 3568 ς
690 3516 719 3570 V,
731 3529 774 3576 7oa
784 3530 791 3568 ;
802 3512 858 3567 llll,
869 3511 911 3573 37,
923 3520 958 3566 et,
971 3523 1030 3571 quos
1040 3503 1110 3552 Dralt.
1122 3502 1213 3559 laudat,
1224 3503 1305 3551 Heius.

262 3585 293 3634 ed
305 3587 372 3634 Ovid.
390 3588 448 3632 Met.
462 3587 528 3644 Xlll,
541 3586 595 3649 937,
608 3586 637 3632 ad
649 3585 729 3632 Claud.
746 3583 799 3632 bell.
813 3585 865 3629 Get.
878 3599 901 3630 v.
919 3581 963 3644 595
971 3600 979 3637 ;
992 3578 1074 3639 Scalig.
1090 3577 1120 3626 sd
1136 3573 1217 3622 Catuli.
1233 3589 1304 3620 eamn.

300 3721 359 3772 218.
374 3718 503 3771 euoluitur
516 3718 608 3771 vocab.
622 3737 713 3790 propr.
727 3717 760 3770 de
804 3715 868 3768 Stat.
881 3713 931 3766 Tb.
941 3718 975 3780 V,
986 3709 1052 3778 524,
1065 3723 1092 3763 et
1100 3708 1174 3780 Virg.
1187 3709 1243 3760 AEn.
1257 3708 1305 3776 lll,

264 3807 338 3850 motu
352 3799 454 3870 anguis.
465 3797 542 3849 Conf.
556 3817 580 3850 r.
595 3813 653 3866 227.
806 3797 867 3866 574.
877 3823 913 3834 -—
926 3793 1006 3858 224...
1020 3791 1079 3844 226.
1092 3791 1133 3844 cf.
1146 3787 1224 3840 Orid.
1237 3789 1301 3844 Mer.

300 3895 359 3932 sao.
376 3879 453 3930 Gonl.
464 3877 556 3950 virgil.
570 3879 627 3929 AEn.
643 3878 680 3940 ll,
696 3875 761 3946 4755
806 3876 854 3939 111,
864 3890 912 3943 77,
923 3874 1009 3943 78.-
1018 3871 1076 3922 232.
1087 3867 1245 3938 ConiVirg.
1255 3866 1303 3918 Ge.

264 3955 312 4010 Ge.
323 3957 522 4026 n1,433,439;
533 3959 623 4009 lleins.
636 3954 671 4006 ad
682 3955 761 4006 Ovid.
805 3951 852 4005 lib.
860 3953 909 4017 lll,
920 3949 966 4020 85,
979 3973 990 3997 a
1047 3947 1128 4001 solvit
1136 3947 1185 3998 sub
1194 3945 1304 3998 naribus

265 4037 328 4089 Met.
344 4039 392 4102 lll,
408 4038 451 4105 34.
463 4067 498 4078 -
515 4053 577 4102 222,
597 4033 655 4088 223.
676 4031 762 4106 tnfdo
805 4033 925 4103 ignem.»
941 4029 988 4082 ubi
1000 4027 1054 4082 vid.
1066 4026 1154 4080 Cerda
1165 4039 1190 4077 et
1203 4026 1303 4095 Heyne.

265 4113 367 4191 linqua
378 4129 465 4183 motu,
478 4117 549 4169 conf.
567 4136 591 4168 v.
609 4115 673 4181 263,
685 4129 711 4166 et
728 4113 763 4166 ad
805 4141 841 4152 -
854 4110 911 4178 234.
925 4113 1008 4166 Natat
1019 4122 1110 4184 eaput,
1123 4107 1224 4176 capite,
1234 4115 1305 4157 uno·

266 4195 303 4261 11,
316 4195 376 4266 587.
386 4227 421 4236 -
431 4196 525 4250 retbere
535 4197 639 4261 lambit,
651 4207 680 4247 ut
690 4193 763 4266 apud
806 4211 867 4266 que,
882 4195 908 4246 iu
918 4205 1058 4264 utramque
1068 4200 1185 4263 partem,
1194 4186 1303 4268 utVirg.
