3008 4662
271 443 314 511 ιι]

273 560 421 648 otiores,
438 555 531 628 unde
546 579 602 627 eas
615 573 787 653 peterent,
802 553 916 626 fontes
930 554 968 626 in
980 574 1120 653 promtu
1133 575 1261 646 essent,
1276 577 1309 629 et

273 709 287 741 ιι
300 675 445 775 quidem
456 672 613 772 plerique
622 669 675 743 vel
688 671 773 743 adeo
786 697 922 761 omnes,
936 692 989 762 ut,
1002 672 1029 743 si
1038 672 1133 744 hunc
1142 673 1194 744 vel
1206 673 1308 747 illurn

272 827 287 857 o
299 791 392 864 adire
407 816 480 861 non
498 807 650 888 possent,
666 789 762 886 (quae
778 786 880 860 tristis
894 788 1086 861 multorum
1098 815 1168 862 sors
1183 792 1251 887 est)
1265 789 1309 862 ad

273 907 385 980 «alios
400 905 663 1004 confugerent„
746 955 748 960 .

316 1023 657 1097 Commentationem
667 1005 746 1093 vero
758 1019 799 1091 de
809 1019 883 1091 Silii
892 1021 959 1094 vita
970 1024 1166 1095 et'carmine
1178 1023 1214 1096 in
1227 1024 1309 1096 alte·

269 1164 348 1214 mm
359 1139 524 1210 volumen
538 1135 657 1238 rejeci:
674 1135 721 1206 ibi
733 1135 784 1206 vir
795 1134 932 1209 doctiss.
947 1136 990 1209 de
1001 1137 1075 1238 ejus
1090 1164 1231 1237 genere,
1244 1165 1309 1210 no-

267 1252 440 1340 minibus,
463 1239 599 1340 studiis,
622 1248 831 1341 honoribus,
856 1251 925 1323 vita
945 1279 985 1324 ac
1007 1273 1118 1326 morte
1143 1252 1307 1352 disputat;

268 1367 394 1440 deinde
407 1366 444 1437 in
455 1363 618 1436 carminis
631 1363 802 1455 indolem,
814 1366 998 1439 consilium
1009 1394 1047 1439 ac
1059 1369 1188 1458 fontes,
1205 1395 1222 1440 e
1235 1369 1309 1467 qui·

267 1484 334 1556 bus
350 1501 451 1581 poeta
464 1480 618 1554 hausisse
635 1481 809 1571 videatur,
827 1481 972 1581 inquirit
978 1513 987 1572 ;
1005 1504 1082 1556 tum
1095 1483 1136 1556 de
1149 1503 1309 1584 praestan-

267 1601 317 1673 tia
332 1597 446 1689 illius,
462 1619 495 1670 et
509 1597 552 1670 de
565 1598 714 1670 utilitate
731 1623 808 1697 quae
826 1599 957 1697 percipi
971 1600 1078 1698 possit
1091 1628 1131 1673 ex
1148 1600 1221 1702 ejus
1240 1597 1312 1672 lec·
1421 1583 1425 1590 ⁴

269 1717 381 1804 tione,
402 1713 551 1802 disserit3
580 1739 651 1811 quo
671 1715 777 1802 facto,
802 1714 935 1785 codices
963 1715 1060 1786 MSS.
1084 1736 1118 1787 et
1146 1715 1312 1788 editiones

269 1829 343 1902 Silii
358 1846 527 1915 recenset3
542 1826 580 1896 in
598 1827 668 1897 fine
680 1824 850 1923 denique,
866 1829 968 1928 quale
981 1828 1165 1902 consilium
1178 1851 1253 1929 post
1266 1830 1313 1903 vi·

271 1971 389 2016 rorum
411 1942 592 2015 doctorum
608 1949 749 2014 conatus
766 1942 803 2014 in
816 1942 995 2017 molienda
1010 1945 1161 2018 editione
1178 1967 1313 2019 secutus

271 2059 328 2151 sit,
346 2060 508 2132 declarat.

317 2177 412 2248 Tum
427 2173 687 2275 subjungentur
702 2175 899 2247 testimonia
915 2202 954 2247 ac
966 2176 1116 2276 judicia3
1135 2199 1168 2251 et
1184 2176 1316 2250 Catulo

270 2317 334 2392 gus
351 2290 598 2396 editionumex
611 2290 745 2388 integro
761 2290 999 2364 concinnatus.
1243 2371 1246 2380 ,

318 2407 468 2478 Accedet
484 2407 597 2478 Index
617 2431 731 2478 renam
749 2405 1012 2508 verborumque,
1036 2409 1160 2507 inquo
1179 2407 1315 2508 potissi-

270 2547 372 2593 mum
391 2521 570 2594 desudavit
587 2544 723 2614 auctor,
742 2544 775 2595 et
791 2551 897 2622 quem
913 2551 976 2622 pro
996 2524 1174 2624 desperato
1190 2523 1316 2596 centies

270 2637 469 2739 abjectum,
486 2659 641 2736 reputata
655 2658 773 2711 tamen
789 2640 932 2713 utilitate
951 2641 1015 2732 rei,
1036 2641 1072 2712 in
1089 2661 1190 2738 poeta
1207 2638 1315 2738 potis·

182 2809 185 2814 .
269 2753 402 2825 simum
416 2774 488 2826 tam
507 2752 606 2825 docto
624 2756 825 2854 conspicua,
843 2755 993 2855 repetiit,
1011 2773 1044 2828 et
1057 2756 1180 2846 telam,
1198 2755 1316 2852 impa-

268 2867 388 2939 tientia
400 2868 501 2940 toties
513 2868 713 2967 abruptam,
727 2869 913 2969 diligenter
923 2869 1075 2942 ietexuit.
1086 2870 1165 2941 Non
1177 2867 1316 2939 defuere

271 2983 414 3084 quidem
431 2983 577 3055 editores
594 2986 798 3085 poetae,'qui
813 3007 894 3058 ante
911 2985 1027 3084 ipsum
1044 2985 1129 3056 tales
1146 2983 1315 3054 conficere

271 3096 403 3171 indices
423 3098 678 3172 laboraverint:
700 3100 760 3172 sed
779 3099 1130 3172 Drakenborchianus
1153 3125 1225 3170 non
1249 3097 1315 3168 nisi

271 3214 314 3287 ad
327 3213 460 3288 criticas
474 3214 631 3286 virorum
643 3215 823 3289 doctorum
839 3216 1106 3303 observationes,
1115 3212 1317 3284 Schmidia-

270 3357 337 3403 nus
354 3331 398 3402 ad
410 3353 511 3404 notas
523 3333 700 3417 Drakenb.
717 3355 752 3406 et
762 3333 1007 3423 Heinsiomm,
1020 3328 1240 3417 Ernestinus‚
1254 3327 1314 3428 qui

272 3444 434 3517 omnium
455 3445 654 3518 uberrimus
670 3467 735 3538 est,
757 3448 800 3519 ad
821 3449 894 3520 sola
916 3447 1017 3516 verba
1040 3464 1180 3543 spectat.
1202 3445 1315 3514 Daus-

273 3559 460 3659 queianus,
485 3558 701 3634 Cellarianus
729 3545 996 3660 et‘Bipontinus
1023 3580 1093 3632 tarn
1120 3556 1314 3646 latinitatis,

271 3703 380 3776 quam
393 3701 510 3747 rerum
525 3677 692 3750 rationem
705 3677 852 3768 habent,
866 3699 901 3751 at
914 3677 1018 3750 nimis
1034 3676 1148 3749 manci
1160 3695 1252 3745 sunt.
1266 3675 1314 3765 Is,

269 3817 350 3863 vero
371 3817 495 3889 quem,
517 3789 698 3892 diligenter
721 3813 791 3866 toto
817 3794 970 3866 carmine
995 3794 1122 3865 iterum
1147 3788 1314 3889 perlecto,

272 3907 504 3999 concinnavit,
522 3912 768 3984 memorabiles
786 3938 855 4004 res,
878 3939 976 3986 voces
992 3938 1031 3983 ac
1048 3908 1212 3982 dictiones
1229 3935 1316 3980 con·

271 4022 359 4094 tinet
376 4047 512 4116 omnes,
534 4045 567 4097 et
583 4048 758 4125 praeterea,
781 4027 952 4127 quidquid
971 4025 1024 4098 vel
1043 4025 1080 4098 in
1098 4024 1188 4098 notis
1206 4022 1260 4094 vel
1277 4023 1315 4094 in

273 4139 355 4209 Ver.
373 4139 466 4214 Lect.
480 4139 685 4234 illustratur,
704 4144 867 4243 adpositis
881 4142 986 4218 literis
1000 4169 1034 4214 n.
1051 4162 1086 4215 et
1104 4141 1141 4218 V
1137 4194 1147 4212 ·
1163 4139 1203 4213 L.
1221 4137 1314 4212 indi-
