3054 4666
248 417 313 482 320
565 420 600 484 C.
624 419 750 486 SlLll
775 421 968 489 lTALlCl

183 549 185 554 ¹
247 559 424 646 Cognovit,
437 560 572 648 proprio
586 577 709 627 tectum
721 565 900 652 gestamine
913 588 1058 656 praeceps

198 698 199 705 κ
247 666 295 728 Ex
307 665 377 730 acie
390 666 487 753 rapit,
501 682 534 730 et
546 667 623 732 tntis
636 692 653 732 a
668 668 800 733 turbine
812 693 930 759 pugnae

248 772 425 836 Constituit
437 773 558 838 cestris.
572 771 718 839 Medicas
730 774 807 842 hinc
820 778 911 841 ocius
923 795 1023 858 artes,

249 877 291 940 Et
303 876 438 941 senioris
451 900 548 964 opem
562 877 693 968 Synhali
707 896 818 944 vocat:
833 902 980 968 unguere
992 881 1112 948 vulnus

250 982 435 1047 Herbarum
447 982 501 1046 hic
513 985 632 1063 suecia,
647 985 837 1073 ferrumque
850 1008 868 1048 e
880 1006 1020 1074 corpore
1032 1004 1131 1056 cantu

249 1087 402 1177 Exigere,
417 1105 450 1154 et
462 1112 615 1153 somnum
628 1106 714 1153 tacto
728 1090 853 1154 misisse
866 1089 1040 1183 chelydro,

248 1194 402 1259 Anteihat
414 1212 566 1260 cunctos:
581 1217 770 1286 nomenque
783 1213 852 1260 erat
864 1196 942 1262 iude
954 1221 1015 1286 per
1028 1199 1125 1264 urbes
1245 1209 1290 1258 ³⁵⁵

183 1365 187 1375 ,
247 1303 376 1391 Perque
389 1304 578 1368 Paraetoniae
591 1302 791 1368 celebratum
806 1304 900 1370 litora
912 1306 1022 1397 Syrtis.

158 1459 162 1470 .
248 1407 325 1496 Ipse
338 1407 416 1471 olim
428 1410 564 1496 antiquo
578 1409 721 1496 primum
734 1411 1160 1496 GaramanticusflHammon

249 1513 338 1578 Scire
350 1531 444 1602 pater
456 1512 596 1578 dederat
608 1514 766 1606 Synhalo,
780 1538 974 1607 morsusque
988 1518 1146 1598 ferarum,

250 1621 476 1711 Telorumque
488 1645 603 1710 graves
616 1623 699 1688 ictus
713 1621 828 1688 sedare
841 1623 1018 1690 medendo.

250 1729 357 1815 Atque
369 1728 396 1791 is
410 1726 530 1792 deinde
543 1751 605 1794 suo
618 1731 762 1795 moriens
775 1731 914 1796 caelestia
928 1729 1016 1796 dona

249 1834 445 1897 Monstravit
458 1851 550 1912 nato,
564 1852 728 1925 natusque
741 1835 874 1901 heredis
887 1834 1007 1901 honori

250 1938 406 2002 Tramisit
417 1940 536 2024 patrias
549 1955 649 2018 artes,
663 1963 764 2028 quem
777 1940 899 2006 deinde
912 1957 1044 2006 secutus

252 2041 350 2107 Haud
363 2042 467 2106 levior
480 2043 565 2106 fama
578 2041 753 2132 Synhalus,
770 2045 997 2108 Garamantica
1010 2044 1124 2112 sollers

251 2151 433 2214 Monstrata
445 2147 587 2236 augebat
599 2147 724 2228 studio,
739 2150 908 2239 multaque
922 2167 1089 2214 vetustum

251 2353 295 2402 yae
305 2352 426 2400 perperam
438 2347 481 2384 ttat
492 2338 578 2400 Dautq.
587 2361 618 2372 —
627 2336 681 2384 352.
692 2337 798 2398 Synhali,
808 2355 854 2386 non
865 2338 955 2400 Synalr',
968 2339 1017 2387 Col.
1029 2337 1162 2401 ultique—
1171 2337 1223 2396 334.
1238 2346 1297 2386 tacto

252 2412 343 2474 corinth
358 2410 402 2456 vid.
417 2411 446 2457 ad
462 2412 485 2465 l,
500 2409 558 2466 4η,
575 2421 597 2456 et
611 2411 656 2466 lll,
673 2411 727 2456 302.
738 2411 862 2471 vulgatum
881 2421 926 2458 toto
944 2411 1114 2461 contradicendi
1128 2410 1204 2456 stadio
1220 2422 1297 2457 tuetur

252 2481 339 2542 Dautq.
352 2490 423 2535 tarto,
435 2480 520 2526 scilicet
528 2482 551 2525 in
561 2495 642 2542 gyros,
651 2479 689 2526 vel
698 2479 780 2535 orben,
790 2483 874 2541 corrig.
887 2483 976 2527 Marsua
986 2493 1008 2526 et
1019 2483 1046 2526 D.
1058 2481 1134 2524 Heina.
1147 2483 1212 2525 tacito
1222 2481 1298 2526 Parm.

252 2555 367 2598 camaram
381 2553 442 2613 conj.
455 2555 483 2598 tt.
496 2553 573 2598 lleine.
585 2551 637 2598 Sed.
652 2552 741 2613 vulgatu
753 2551 852 2598 doctior.
866 2577 897 2588 -
909 2553 962 2598 361.
979 2553 1113 2598 Momtram't
1127 2552 1218 2612 scripti,
1233 2549 1297 2611 quod

253 2635 350 2668 tentatur
361 2625 389 2667 N.
401 2624 477 2670 lleiut.
490 2623 531 2669 ted
542 2634 611 2682 negat
623 2621 703 2668 [eleb.
716 2623 756 2683 qui
765 2635 888 2683 propterea
901 2621 1013 2683 vulgatam
1024 2623 1164 2666 nimmtmmt
1172 2620 1295 2666 revocavit.

253 2717 284 2727 -
297 2692 349 2738 363.
362 2691 434 2737 Aaou!
442 2691 520 2740 melior
530 2695 581 2739 Pet.
592 2694 619 2736 tt.
630 2691 659 2749 3,
670 2692 734 2737 Med.
748 2689 896 2754 lerator-firma
908 2695 992 2753 tutpic.
1005 2693 1032 2736 N.
1045 2693 1123 2738 lleina.
1134 2691 1173 2751 qui
1186 2687 1298 2751 ejatmotli

254 2762 376 2825 elegantiae
387 2763 460 2810 uhiria
469 2775 581 2818 sectatur,
592 2763 639 2809 vid.
650 2763 681 2810 ad
691 2765 731 2820 lV,
745 2763 801 2819 stu
808 2764 887 2826 jorata
899 2766 942 2810 Ox.
956 2776 980 2810 et
991 2765 1041 2810 Pnt.
1056 2777 1107 2808 cnm
1121 2763 1147 2806 ll.
1161 2763 1188 2816 35
1200 2773 1222 2806 et
1233 2759 1296 2806 Med.

291 2916 350 2984 349.
364 2913 519 2986 qestamine,
536 2911 632 2983 clipeo.
643 2941 677 2954 -
689 2913 751 2966 353.
798 2915 891 2966 confer
904 2913 937 2966 ad
951 2913 997 2964 lib.
1009 2915 1036 2978 l,
1049 2929 1116 2962 vers.
1129 2911 1189 2979 414.
1200 2911 1224 2960 la
1234 2911 1298 2981 Syn-

255 2997 363 3046 Veteres
378 2991 464 3060 impii,
482 2991 554 3064 quod
568 3003 678 3056 notum,
695 2992 753 3043 sola
800 2991 908 3056 halam,
930 2992 1008 3061 hujus
1027 2989 1133 3063 Synhali
1153 3007 1299 3061 proavum,

255 3075 311 3126 lere
326 3073 435 3126 vulnera
451 3071 596 3136 sanabant,
608 3085 633 3123 et
647 3071 753 3142 quidem
800 3075 926 3142 quoniam
944 3071 969 3120 in
985 3082 1041 3122 arte
1057 3068 1157 3120 medica
1171 3067 1299 3120 excellue-

256 3151 390 3204 lterlturam
403 3152 495 3216 saccis,
512 3148 640 3220 capariam
657 3151 752 3222 (llam.
799 3163 858 3214 rat,
880 3153 936 3219 ipse
956 3167 1012 3200 earn
1033 3147 1155 3199 docuisse
1176 3145 1299 3218 lingitur,

256 3231 754 3302 thaat,19r,2rt;·‚900;›.,829)‚
799 3243 828 3280 ut
848 3229 947 3282 Chiron
971 3228 1145 3280 Machaonem
1170 3226 1244 3278 lliad.
1269 3225 1298 3286 δ,

257 3327 283 3366 et
302 3325 397 3378 cantu,
415 3312 442 3364 h.
462 3331 485 3364 e.
504 3315 687 3365 incantatione
708 3315 755 3380 (ut
799 3329 866 3363 vera.
882 3327 948 3378 219,
963 3321 988 3361 et
1001 3309 1098 3380 Apollo
1111 3307 1229 3379 lapidem
1245 3308 1302 3357 Vir·

257 3395 371 3464 tup.lll,
380 3392 452 3462 30¹),
463 3393 561 3460 inattiyi
572 3392 648 3442 Hom.
658 3390 753 3462 Odyss.
799 3390 869 3462 gilii,
882 3387 984 3440 AEueitl.
998 3389 1044 3440 lilt.
1058 3389 1117 3454 th,
1129 3391 1189 3458 391.
1200 3385 1299 3439 -358.

257 3495 281 3535 a,
294 3473 359 3541 4573
371 3471 445 3523 Pind.
457 3471 529 3543 Pyth.
541 3473 590 3540 llll,
600 3487 642 3540 91.
652 3469 754 3536 -354
800 3472 869 3524 Scire
884 3471 1002 3526 dederat,
1020 3471 1072 3521 aid.
1093 3470 1125 3522 ad
1147 3489 1171 3520 v.
1190 3471 1249 3534 324.
1266 3495 1302 3506 -
1317 3523 1324 3544 ,

258 3553 376 3624 Esiyere,
386 3550 524 3602 extrahere
534 3552 705 3603 etinnoxium
717 3552 755 3602 la·
803 3549 863 3602 361.
875 3549 974 3601 ltemlis
988 3549 1081 3600 honori
1088 3587 1096 3613 ,
1108 3549 1180 3600 claro
1193 3545 1302 3612 heredi,

258 3649 318 3682 cere
335 3633 451 3682 carmine
464 3632 582 3702 magico,
595 3629 711 3682 schmitt.
723 3657 759 3668 -
804 3643 831 3680 ut
847 3630 925 3680 virtus
942 3632 1060 3689 catonis,
1074 3628 1198 3699 rapientia
1212 3624 1301 3690 Loelii,

241 3741 243 3746 ·
258 3727 378 3764 somnam
390 3719 457 3760 tacto
467 3711 561 3762 mititte
571 3709 711 3780 chelydro,
722 3709 757 3760 cf·
803 3722 853 3761 eto.
864 3708 933 3778 (vid.
946 3708 979 3759 ad
992 3710 1038 3773 ll',
1051 3709 1102 3775 599
1110 3708 1128 3775 ),
1142 3704 1181 3756 vel
1196 3701 1300 3768 heredi,

261 3787 758 3862 adt,412.-355.Anteitatunqere,
804 3789 831 3840 iu
841 3789 898 3858 ejus
907 3787 1045 3853 honorem,
1056 3805 1100 3838 eeu
1112 3799 1236 3852 tanquam
1247 3799 1303 3833 ntu-

260 3868 406 3920 utMartem
415 3869 758 3942 reqerelraadcedemtllan·
804 3886 861 3920 nua.
885 3897 918 3906 -—
939 3869 1007 3930 353,
1031 3865 1090 3931 364.
1115 3861 1303 3914 Garamantica

260 3947 341 4001 nihali
350 3951 393 4012 vt,
402 3949 451 4020 307
460 3967 511 4020 tq,
521 3946 619 4016 ltaaipn
626 3943 653 3999 aa*
664 3951 757 4015 oportit,
802 3948 961 4014 Monstrum,
974 3960 1001 3996 ut
1013 3963 1103 4014 supra,
1114 3941 1222 3994 caelestia
1232 3941 1302 3991 dona

260 4041 288 4080 et
302 4026 363 4080 alia.
376 4057 410 4068 -
424 4027 484 4080 356.
498 4026 651 4080 Paratonioe
660 4027 757 4097 Syrtis,
803 4043 830 4079 et
842 4045 901 4078 mox
912 4027 1030 4099 patavina
1040 4023 1222 4086 medicamina,
1233 4038 1300 4091 quo-

260 4105 314 4160 vid.
326 4107 360 4160 etl
370 4109 418 4172 lll,
432 4105 490 4160 225.
802 4123 861 4158 rum
874 4124 950 4157 usum
964 4112 1182 4166 ntotrrtraverant,
1196 4101 1237 4152 vel
1250 4097 1301 4150 do-

296 4187 357 4256 357.
383 4184 584 4239 Garamanticus
605 4185 739 4240 Hammon
747 4222 757 4250 ,
802 4199 913 4238 onerant
929 4187 1060 4238 Hammon
1078 4196 1103 4235 et
1124 4197 1248 4255 proavus.
