3036 4668
240 382 302 450 268
555 394 591 458 C.
613 393 738 460 SlLll
761 395 955 464 lTALlCl

238 527 343 594 Obvia
356 547 427 596 tum
439 531 549 600 medio
562 553 743 602 sonuerunt
755 537 879 624 spicula
891 536 1006 617 eorde,

239 635 475 728 incertumque
487 640 565 722 fuit,
578 640 682 708 letum
693 643 748 708 cui
759 640 893 708 eederet
904 643 1015 709 hastae.

239 740 280 804 Et
289 739 373 829 jam,
387 741 541 832 dispersis
554 747 699 812 Romana
711 769 773 836 per
782 749 912 836 agmina
924 747 1038 836 signis,

238 844 387 914 Palantes
399 850 479 938 agit,
492 849 648 942 adripere,
661 852 861 919 miserabile!
876 855 996 918 Poenus

240 950 406 1040 inpellens
419 954 581 1045 trepidos,
595 957 765 1046 fluvioque
776 957 961 1046 inmergere
974 969 1087 1022 certat.

283 1060 370 1123 Turn
383 1060 504 1156 Trebia
516 1063 659 1128 infausto
672 1087 755 1130 nova
769 1061 882 1151 praelia
893 1062 1023 1151 gurgite
1035 1060 1128 1126 fessis

240 1161 393 1245 Inchoat,
406 1189 444 1230 ac
455 1168 608 1255 precibus
620 1169 638 1234 J
641 1170 764 1236 unonis
776 1169 911 1234 suscitat
922 1165 1038 1234 undas.

242 1268 361 1334 Haurit
373 1271 546 1338 subsidens
559 1274 745 1362 fugientum
758 1295 898 1362 corpora
909 1272 1022 1350 tellus,
1243 1279 1287 1342 57ς

242 1373 416 1466 lnfidaque
429 1378 488 1444 soli
501 1379 656 1444 frustrata
667 1380 825 1467 voragine
838 1365 971 1459 sorbet}
1009 1427 1021 1436 -

241 1483 311 1546 blec
323 1484 398 1563 niti,
412 1483 570 1576 lentoque
582 1485 680 1554 datur
691 1485 880 1552 convellere
891 1487 973 1552 limo

243 1590 353 1654 Mersa
364 1588 489 1678 pedum
500 1595 633 1681 penitus
644 1592 782 1681 vestigia
794 1617 800 1656 :
814 1591 887 1657 labe
901 1592 1008 1656 tenaci

279 1766 331 1826 569.
354 1769 456 1815 crederet
469 1768 569 1818 mdebst
582 1771 722 1827 idem-uon
738 1769 882 1832 improbante
901 1770 1019 1818 untenb.
1037 1767 1083 1815 Sed
1098 1767 1181 1815 vellem
1199 1782 1290 1816 m

244 1853 354 1904 quoque,
365 1839 406 1902 qni
418 1853 468 1887 tum
478 1842 555 1888 verbis
566 1843 637 1898 inest,
650 1843 718 1888 simul
731 1859 774 1889 nos
788 1841 934 1896 do'eoietent,
946 1841 987 1904 qni
999 1855 1026 1886 ex
1040 1852 1090 1896 tot,
1102 1851 1158 1903 quot
1170 1838 1290 1894 adierunt,

246 1908 356 1972 exemplis
372 1927 420 1957 non
432 1913 486 1959 setis
500 1916 653 1976 pmpiebun
672 1914 718 1960 vid.
731 1925 781 1961 not.
791 1939 822 1950 -
834 1915 887 1976 570.
901 1913 940 1958 En
950 1914 1019 1960 teeite
1031 1909 1095 1958 dedit
1108 1909 1189 1956 Leleb.
1202 1922 1229 1956 ut
1239 1923 1292 1971 pes·

246 1982 296 2026 eim.
310 2004 342 2016 -
353 1979 405 2042 578.
423 1981 505 2037 labes,
521 1996 547 2030 ιι
559 1987 641 2046 petis,
659 1985 745 2048 quavis
756 1999 795 2030 ree
805 1984 874 2030 notis
887 1996 911 2030 et
923 1981 990 2030 mela.
1003 1981 1049 2028 Sed
1063 1981 1205 2043 praetiterit,
1221 1990 1292 2042 poto,

248 2051 299 2098 tabe
315 2056 398 2108 tenaci,
416 2051 461 2100 boe
477 2066 511 2102 eet
526 2052 626 2104 humore
644 2055 707 2103 ioedo
724 2069 747 2104 et
757 2053 871 2102 lutulento
887 2071 900 2101 e
920 2055 972 2101 nive
988 2053 1119 2117 liquefacta.
1136 2053 1172 2097 Sic
1182 2053 1294 2115 fluentem

248 2122 322 2169 tabem
331 2121 472 2188 liquescat&
484 2129 542 2174 πέυὺ
551 2127 754 2192 ingrediebantur...
765 2136 788 2174 et
801 2129 824 2172 in
838 2125 882 2172 levi
888 2124 960 2191 qloeie
973 2125 1092 2190 tabidaque
1102 2127 1152 2171 niue
1162 2123 1294 2171 aaronem·

250 2201 288 2239 tur
298 2193 353 2241 dixu
364 2195 411 2240 lit.
423 2196 487 2254 XXl,
500 2197 542 2254 363
554 2197 595 2244 nbi
606 2199 651 2245 vid.
663 2201 765 2246 Gronov.
777 2195 838 2244 tobes
848 2199 905 2242 nivis
914 2199 999 2244 Lucan.
1009 2193 1049 2240 lib.
1063 2195 1096 2250 X,
1106 2210 1128 2240 r.
1143 2194 1199 2251 ²²⁵5
1215 2192 1295 2240 lium

251 2333 310 2387 568.
323 2335 487 2407 comparant
501 2338 601 2391 Lucan.
616 2341 664 2407 111,
682 2338 750 2407 585,
795 2339 826 2390 Iu
838 2337 926 2390 verbis
935 2335 1052 2410 precibus
1062 2333 1174 2387 lunonis
1187 2344 1295 2406 poetam

251 2413 316 2482 589,
329 2415 375 2484 qui
390 2415 467 2469 nimis
481 2418 509 2469 iu
523 2417 574 2470 bae
589 2436 617 2471 re
629 2418 701 2471 lusit.
715 2449 751 2460 —
798 2435 926 2490 agnosce.

252 2491 536 2562 569.letumeui,eto.
550 2497 750 2552 cuinamhastse
831 2497 891 2569 ⁵75.
917 2495 992 2548 tellus
1012 2493 1157 2559 subsidens,
1178 2491 1296 2564 vestigiis

251 2588 320 2627 esset
337 2574 417 2626 letum
436 2575 463 2628 b.
483 2595 506 2630 e.
525 2575 612 2631 bonos
631 2581 708 2651 quasi
725 2591 752 2631 et
796 2575 909 2642 cedens,
923 2573 1025 2640 mollis,
1037 2587 1148 2645 propter
1159 2571 1254 2624 limum
1270 2583 1298 2623 et

251 2653 336 2724 glorie
354 2656 447 2707 mortis
466 2655 561 2709 inlatae.
584 2655 701 2710 Sobmid.
723 2655 752 2710 ni
796 2655 971 2727 liquefactam
985 2657 1090 2706 nivem:
1107 2650 1170 2703 bine
1187 2663 1214 2704 et
1229 2651 1299 2702 frus-

252 2731 753 2810 cederetexplicattradetet‚perrnitte·
796 2735 920 2788 trabatur
938 2730 1021 2806 infida
1040 2731 1163 2804 uoragine
1180 2731 1237 2784 soli.
1256 2731 1298 2783 sic

255 2824 304 2864 rel·
798 2833 842 2886 ap.
852 2815 925 2867 Curt.
934 2815 1006 2878 v111,
1021 2812 1065 2880 td,
1076 2831 1116 2884 pr.
1130 2810 1235 2862 «imber
1244 2811 1300 2861 vio·

289 2889 340 2961 573
359 2910 415 2964 seq.
435 2895 498 2960 llio,
515 2912 568 2946 noo
586 2897 643 2947 sine
662 2895 768 2966 alique¹
799 2893 897 2946 leutius
917 2910 995 2964 quarn
1015 2889 1082 2944 alias
1099 2891 1175 2942 lusus
1190 2905 1299 2959 compos

253 2971 436 3042 jucunditate,
452 2975 590 3026 exornavit
605 2973 754 3029 verbalis.
798 2971 918 3024 lubricos
927 2971 1200 3042 fecerat‚gravesque
1208 2984 1300 3020 currus

255 3053 331 3118 XXI,
351 3052 399 3121 54,
422 3065 448 3106 et
471 3053 520 3118 56Ί
544 3057 590 3125 qui
609 3067 755 3122 memorat,
799 3051 899 3104 inluvie
912 3062 938 3102 et
948 3048 1122 3122 voraginibus
1134 3047 1298 3100 herebant...

257 3151 353 3203 aquam
359 3132 601 3187 Trebieuoeturno
610 3132 687 3189 imbri
696 3153 757 3206 peo-
801 3133 915 3185 eliorum
931 3130 1032 3183 turbati
1047 3131 1110 3201 equi
1121 3131 1149 3182 in
1161 3131 1300 3201 voragines

256 3213 360 3264 toribus
377 3225 453 3266 tenen
473 3226 577 3267 suetam
597 3215 694 3282 fuisse,
713 3229 754 3282 et,
801 3213 965 3282 lenonesque
976 3211 1303 3281 precipitarereourrieu·

258 3295 303 3365 qui
327 3293 430 3346 flumen
447 3295 591 3366 petierint,
617 3307 663 3348 ant
687 3296 757 3346 iuter
801 3293 842 3360 le,
865 3305 937 3344 ete·
960 3287 1077 3344 Soltmid.
1098 3291 1186 3362 jungit
1205 3289 1301 3355 verbe,

257 3375 453 3426 cunctationem
468 3372 635 3446 ingrediendi
647 3373 681 3426 ab
693 3373 757 3430 hos·
802 3369 878 3424 tellus
895 3369 943 3424 soli
957 3369 1104 3442 frustrata,
1127 3387 1184 3441 quie
1204 3370 1303 3421 frustra

258 3450 328 3503 ribus
352 3451 514 3524 obpressos,
538 3465 584 3504 aut
608 3451 757 3525 gurgitibus
803 3450 904 3504 eredita
919 3463 960 3504 est
971 3447 1066 3501 solum.
1080 3479 1116 3490 —
1128 3449 1187 3518 577.
1201 3443 1305 3498 conoei-

256 3529 367 3582 haustos
382 3532 507 3603 periisse,
525 3548 606 3602 quum
624 3533 676 3584 orti
693 3531 758 3584 solie
803 3531 867 3596 lere,
885 3527 1013 3592 evellere,
1028 3527 1174 3582 extrahere.
1187 3523 1303 3576 —lento

259 3609 363 3676 calore,
376 3609 540 3682 liquescente
550 3614 622 3678 nire,
633 3613 758 3664 incretis-
804 3610 868 3665 limo
878 3609 914 3662 id.
927 3609 972 3680 qd.
983 3625 1045 3660 mox
1057 3608 1141 3660 maci
1154 3605 1223 3666 ωε,-
1233 3602 1303 3655 lento

260 3703 299 3743 set
321 3693 422 3756 amnis,
441 3703 470 3742 ut
489 3711 538 3744 nee
559 3705 629 3746 stare
648 3705 759 3763 propter
803 3688 894 3742 Leieb.
912 3689 1028 3762 explicat
1046 3687 1164 3754 enirm,
1182 3683 1304 3747 viscum,

192 3828 199 3840 1
260 3788 336 3842 aquae
346 3769 527 3838 altitudinem,
540 3789 588 3825 nec
600 3790 663 3824 nere
673 3771 709 3824 ob
719 3789 761 3824 ar·
804 3767 876 3822 unde
888 3767 974 3820 lentos·
980 3767 1014 3820 de
1024 3763 1181 3819 humoribus
1192 3763 1304 3814 viscosis

259 3868 303 3902 mn
315 3863 439 3921 possent:
454 3862 582 3920 proterea
596 3850 708 3903 imbrem
720 3852 761 3902 ni·
806 3847 879 3922 apud
902 3846 1039 3910 medicos,
1063 3856 1089 3896 et
1116 3841 1210 3894 eodem
1234 3841 1305 3893 forte

260 3949 292 3982 ve
314 3931 422 3982 mixtum
444 3941 470 3982 et
491 3929 686 3982 intolerandam
707 3931 760 3981 vim
806 3945 886 3981 sensu
908 3928 966 3980 tolo
981 3926 1050 3979 lento
1065 3923 1170 3995 aerique
1188 3921 1224 3987 ll,
1243 3920 1304 3987 463.

262 4010 368 4082 frigoris
381 4007 501 4062 homines
511 4007 608 4060 multos
618 4021 644 4061 et
656 4010 761 4078 jumen·
841 4007 900 4078 578.
915 4007 983 4070 labe,
1004 4005 1082 4068 limo,
1099 4001 1140 4054 vel
1154 3999 1228 4073 qnod
1240 4000 1306 4052 iaci-

263 4103 290 4140 ta
306 4087 474 4141 absumsisse.
487 4087 527 4140 cf.
543 4087 633 4160 Polyb.
649 4089 698 4154 111,
713 4105 760 4160 72,
804 4085 829 4139 le
841 4085 1003 4150 laberentur,
1013 4081 1054 4136 vel
1064 4083 1169 4154 potins,
1181 4079 1254 4152 quod
1266 4095 1307 4130 es·

260 4179 288 4219 et
304 4167 420 4239 Appius.
434 4165 461 4218 b.
474 4167 589 4218 linnnib.
605 4186 628 4219 e.
644 4167 674 4236 6,
688 4183 713 4236 7.
725 4197 762 4208 —
805 4180 845 4220 set
866 4184 947 4220 eausa
970 4164 1114 4238 potatuan
1136 4159 1254 4214 Schmid.
1272 4187 1307 4198 -
