2970 4680
451 239 761 304 PUNICORUM
784 239 876 304 LIB.
901 243 963 306 Vl.

185 377 228 440 At
239 377 393 465 princeps
405 380 513 444 Poenis
526 377 646 444 indicta
659 401 751 446 more
763 397 936 466 parentum

187 482 313 569 Appius
325 481 474 550 adstabat
486 483 611 574 pugba,
625 485 785 575 lauroque
798 487 963 552 revinctus

186 587 318 652 lustum
330 591 465 655 Sarrana
479 590 724 658 ducebatcaede
736 591 950 678 triumphum.

188 695 389 782 AEquoreum
397 698 490 786 juxta
504 696 619 776 decus,
634 713 668 762 et
679 698 794 762 natale
806 713 984 791 tropeum,

189 801 305 866 Rostra
317 825 448 891 gerens,
463 806 559 870 nivea
570 804 724 893 surgebat
736 804 824 868 mole
837 806 990 870 columna
1002 829 1009 870 :

189 909 329 974 Exuvias
342 913 440 975 Marti
453 909 646 1000 donumque
658 911 803 988 Duilius,
816 911 882 976 alto

189 1015 274 1077 Ante
286 1039 401 1083 omnes
413 1041 521 1084 mersa
534 1022 710 1084 Poenorum
724 1018 840 1097 classe,
855 1017 1001 1084 dicabat:

190 1119 266 1198 Cui,
280 1139 460 1189 nocturnus
472 1124 595 1201 hoece,
608 1123 731 1190 lunalia
743 1123 844 1202 clara,
857 1145 1014 1214 sacerque

190 1227 268 1288 Post
280 1227 392 1315 epulas
406 1228 528 1298 tibicen
540 1228 649 1309 adest3
662 1246 835 1318 castosque
847 1247 983 1317 penates

192 1331 331 1420 Insignis
342 1335 408 1400 laeti
420 1327 591 1426 repetebat
601 1357 770 1402 murmure
783 1353 908 1402 cantus.

192 1525 271 1563 tentnr
280 1519 306 1563 ll.
321 1519 348 1575 3,
367 1533 390 1567 et
401 1521 464 1568 Med.
478 1537 570 1568 nnscrre
580 1525 608 1568 tt.
623 1537 644 1568 α.
655 1549 687 1559 -
698 1509 752 1568 660.
772 1523 853 1567 t'rtrlt'clrt
866 1539 954 1588 puqun,
970 1538 1017 1568 non
1036 1525 1124 1570 indictoe
1136 1541 1235 1590 pupule,

192 1589 241 1634 Col.
255 1603 278 1636 et
290 1593 316 1638 u.
331 1607 343 1637 n
350 1610 357 1650 ;
369 1595 451 1641 eaden
461 1611 544 1660 prrqnoe
555 1595 696 1642 01.-661.
708 1595 828 1658 laurosque
838 1595 863 1640 tt.
879 1610 904 1651 n,
914 1594 980 1657 lapsu
989 1595 1063 1654 felici,
1074 1600 1091 1643 ri
1101 1597 1177 1659 lnprue
1187 1613 1236 1656 ert,

192 1676 235 1708 nee
244 1665 321 1724 potius
331 1670 431 1732 genuine
440 1666 516 1716 lectio.
526 1693 559 1704 -
566 1665 704 1731 liblfertrts
713 1667 765 1714 Pur.
776 1669 845 1712 nt'oeoe
854 1663 964 1714 columne
971 1667 1104 1728 legendum,
1115 1683 1138 1716 et
1147 1684 1199 1732 port
1208 1667 1236 1717 τὸ

191 1730 301 1779 cobrmnoe
311 1735 496 1800 distinguendum
505 1738 627 1786 ridebatur
636 1741 664 1783 N.
675 1739 754 1784 Heine.
764 1763 796 1774 -
804 1737 858 1784 665.
872 1737 976 1784 Duellius
988 1740 1039 1784 Pur.
1051 1739 1127 1802 Vulgo
1139 1739 1236 1788 Duillius

193 1803 238 1848 Sed
249 1804 339 1852 Duilius
351 1809 415 1857 bled.
427 1809 464 1856 ed.
475 1810 607 1856 trininatis
621 1809 753 1872 triumpbal
766 1822 788 1855 et
800 1811 840 1855 Gr.
851 1801 959 1860 alatne.
973 1809 1027 1857 Aliis
1039 1811 1133 1868 belliue,
1146 1813 1235 1871 Billiur,

193 1871 277 1932 Blator,
293 1877 365 1928 attur
381 1883 473 1928 dicitnr.
488 1881 575 1928 Confer
587 1884 637 1927 VV.
650 1885 700 1928 DD.
713 1881 744 1928 ad
755 1881 834 1945 Polyb.
847 1883 870 1937 l,
887 1896 914 1926 aa
928 1895 951 1928 et
966 1881 1002 1938 24.
1016 1883 1109 1944 Pighius
1122 1885 1152 1932 ttd
1165 1891 1191 1931 Α.
1205 1887 1235 1930 U.

194 1961 296 2007 ceretu,
307 1965 342 2006 et,
355 1970 414 2017 quoe
424 1955 495 2004 Drab.
507 1955 556 2017 jein
566 1953 680 2011 laudavit,
693 1953 783 2002 Merula
794 1953 824 2001 ed
834 1955 892 2000 ΕΜ.
902 1955 962 2000 Anu.
977 1955 1000 2010 l,
1011 1971 1035 2018 p.
1049 1957 1092 2016 59,
1107 1967 1130 2002 et
1145 1958 1237 2020 inprim.

195 2019 300 2071 Ciaccon.
311 2023 342 2070 ad
350 2025 451 2072 column.
462 2037 553 2074 rostrat.
564 2051 596 2062 —
604 2026 658 2087 669.
670 2024 721 2072 luto
729 2027 812 2072 Bener.

194 2173 283 2238 ‹leban-
296 2179 432 2250 quomodo
442 2182 495 2234 boe
504 2185 611 2254 pictura
620 2182 693 2235 ellin-
737 2183 779 2234 nie
785 2191 960 2254 repertam,et
968 2181 1169 2251 inscriptionem
1178 2180 1243 2234 doc-

195 2255 222 2324 fli
233 2261 338 2326 potest?
349 2261 402 2312 tid.
413 2259 447 2313 ad
460 2265 496 2328 ll,
508 2264 569 2332 417.
739 2261 919 2313 tissimeaPet.
927 2261 1070 2324 Ciacconio
1078 2261 1103 2310 in
1111 2261 1241 2333 singulari

230 2335 311 2388 660...
322 2338 382 2391 662.
393 2343 496 2412 Appius
507 2343 623 2414 primum
633 2341 694 2392 llie·
739 2353 881 2392 comment.
902 2338 1051 2410 suppletam
1069 2351 1149 2410 atque
1166 2341 1241 2392 illus·

198 2431 303 2483 runem,
321 2417 417 2472 deinde
432 2423 527 2472 Poenos
544 2422 616 2472 vicit.
633 2418 694 2470 Vitl.
741 2421 942 2480 tratnmfuisse‚
954 2419 1012 2488 quis
1023 2420 1242 2488 estquinesciat?

197 2494 287 2568 Polyb.
305 2499 330 2564 Ι,
351 2518 390 2568 rr,
409 2519 448 2554 12.
466 2533 501 2542 -
515 2499 613 2554 indicta
625 2516 696 2550 more
739 2498 1242 2569 Hocantiquissinrurnreteriscerimo-

195 2587 332 2644 parentum
349 2599 398 2650 per
414 2581 544 2638 fecialem.
562 2610 598 2620 -
614 2578 694 2646 cade,
740 2581 888 2632 nimeuturn
912 2575 1038 2630 exhibent
1062 2577 1133 2648 Lipe.
1157 2581 1240 2651 antiq.

198 2667 309 2726 propter
316 2672 342 2710 et
350 2673 410 2730 post
418 2660 696 2723 cedem.-Sarrurta,
740 2659 812 2711 lectt.
821 2659 854 2722 ll,
866 2657 910 2724 ι4;
919 2658 1009 2728 [leger.
1017 2656 1115 2708 Duker.
1124 2669 1149 2710 et
1155 2658 1240 2712 Grau.

198 2737 346 2790 Poenorum.
357 2741 418 2793 vid.
428 2738 696 2810 adl‚7n.—trt'um-
741 2736 776 2790 ad
794 2737 866 2788 Flor.
886 2739 925 2802 ΙΙ,
951 2755 982 2797 n;
1004 2735 1109 2788 Gruter.
1129 2756 1154 2807 p.
1175 2739 1241 2804 4ο4;

196 2813 295 2884 plum,
307 2817 340 2870 de
351 2837 404 2890 qno
414 2819 466 2872 vid.
477 2821 588 2889 Eutrop.
603 2821 641 2886 ss,
657 2835 695 2870 ro.
740 2814 891 2870 Fleetwootl
910 2808 991 2868 luter.
1010 2827 1076 2868 antt.
1092 2816 1196 2888 Sylloge
1214 2837 1240 2888 p.

233 2895 293 2948 663.
308 2901 426 2953 Victoria
439 2905 467 2956 C.
482 2900 564 2953 Duilii
576 2901 636 2951 Coe.
651 2899 696 2970 qui
742 2897 790 2962 66,
801 2909 826 2948 et
836 2898 935 2948 Funco.
947 2894 981 2948 de
991 2897 1057 2967 orig.
1068 2909 1094 2946 et
1104 2899 1200 2965 puerit.
1211 2897 1240 2946 L.

199 2986 260 3024 ante
276 2995 364 3032 omues
379 2980 406 3032 b.
423 3000 447 3033 e.
464 2981 565 3052 primus
582 2975 650 3041 alto,
670 2977 697 3026 in
741 2979 799 3032 Lat.
818 2996 841 3032 o.
861 2977 892 3042 5,
909 2995 936 3046 p.
956 2975 1006 3044 298
1023 2993 1063 3046 eq.
1083 2974 1243 3028 Columnam

199 3057 266 3106 mari
278 3057 381 3128 Siculo,
401 3059 436 3112 ad
451 3062 561 3133 Liparas
578 3061 628 3110 ins.
648 3073 698 3113 usu
742 3075 797 3110 aevo
805 3075 853 3108 euo
865 3049 1008 3108 etiamnum
1017 3056 1180 3126 superfuisse
1189 3067 1242 3108 tra·

199 3135 347 3190 ferrearum
362 3159 489 3192 manuum
502 3153 528 3192 et
542 3155 698 3201 corvorum,
744 3139 784 3192 dit
795 3139 862 3190 Plin.
872 3138 971 3202 XXIII,
984 3137 1013 3202 5,
1026 3149 1053 3190 et
1065 3136 1183 3202 XXXIV,
1198 3137 1223 3190 5.

200 3216 232 3266 A.
242 3216 274 3268 U.
282 3219 342 3288 494.
351 3221 447 3272 Poenos
456 3219 563 3284 devicit,
574 3230 600 3269 et
610 3217 700 3268 trium·
779 3217 840 3285 664.
856 3218 932 3270 nivea
943 3214 1026 3279 mole,
1042 3215 1159 3268 candido
1171 3234 1244 3268 rner-

200 3295 285 3366 pbum
296 3300 416 3352 natalem
426 3301 491 3372 egit,
501 3297 572 3369 (vid.
582 3296 653 3350 Flor.
663 3299 699 3362 Η,
744 3315 826 3352 more.
842 3327 879 3338 -
892 3297 1021 3370 serpebat,
1042 3295 1148 3348 doctius
1162 3315 1243 3368 quarn

203 3394 232 3442 2,
249 3392 274 3431 et
284 3379 375 3451 Polyb.
391 3384 415 3447 Ι,
426 3400 473 3446 nn,
488 3382 534 3441 233
551 3379 598 3450 qui
611 3391 700 3430 temen
745 3391 816 3443 erat,
829 3391 858 3430 ut
870 3397 913 3448 ap.
924 3378 996 3448 Virg.
1008 3375 1055 3428 Ge.
1066 3377 1114 3442 HI,
1127 3395 1172 3448 a9;
1183 3379 1242 3429 AEn.

202 3475 262 3528 cap.
274 3476 303 3511 nr
320 3473 462 3522 memorat,
472 3461 605 3512 Romanos
617 3455 700 3528 paulo
745 3462 769 3527 Ι,
782 3460 847 3526 448;
861 3459 897 3523 Χ,
910 3457 976 3527 476;
991 3456 1070 3509 ovid.
1083 3457 1147 3508 Met.
1158 3458 1183 3524 Ι,
1200 3459 1242 3526 44.

202 3551 264 3591 ente
275 3539 330 3604 bis,
346 3554 372 3592 et
384 3543 499 3612 primum
512 3539 620 3610 quidem
633 3537 701 3590 duce
780 3539 860 3607 667...
871 3536 931 3605 669.
945 3535 1036 3590 Eidem
1046 3536 1136 3590 Duilio
1145 3557 1243 3609 perpe-

202 3619 249 3670 Cn.
267 3619 392 3672 Cornelio
404 3619 464 3672 Coe.
483 3619 565 3684 mele,
582 3616 628 3670 sed
641 3633 702 3666 mox
746 3632 807 3672 tuns
825 3619 912 3671 bonoe
933 3616 1057 3678 babitus,
1078 3616 1119 3669 rel
1138 3619 1244 3688 potius,

203 3714 339 3770 eccepto,
351 3719 476 3773 prospere
488 3699 615 3752 advertus
627 3695 702 3748 llan-
746 3711 812 3752 teste
820 3699 922 3750 Catone
933 3715 976 3766 ap.
985 3695 1040 3748 Cic.
1049 3695 1083 3750 tle
1093 3699 1152 3750 Sen.
1162 3717 1185 3750 c.
1198 3699 1243 3765 13,

203 3781 319 3834 nibelern
340 3784 367 3833 in
388 3783 454 3834 mari
475 3779 632 3852 pugnasse).
647 3788 703 3828 tent
748 3779 782 3832 ab
800 3781 860 3850 ipro
879 3779 999 3850 privato,
1026 3780 1131 3832 nemine
1151 3779 1245 3850 probi-

203 3877 279 3934 gruta
288 3865 338 3916 fuit
344 3865 487 3928 Romanis,
497 3859 656 3914 utcolumna
665 3859 704 3928 ip·
746 3862 842 3927 brente,
855 3871 1020 3925 sumtuum,
1034 3873 1064 3911 ut
1074 3863 1216 3914 revertenti
1229 3881 1246 3914 e

204 3947 228 3997 ei
242 3955 348 3996 rostrata
360 3946 387 3996 in
400 3945 459 3994 foro
473 3954 627 4014 poneretur.
639 3937 702 4006 ujus
748 3959 839 4004 coena,
862 3939 972 3992 tibicine
996 3953 1121 4008 canente,
1142 3941 1247 3992 funalia

204 4024 281 4078 barin
292 4024 391 4099 olimgin
400 4023 558 4100 Capitolinis
568 4019 642 4074 urbia
653 4019 704 4071 rui·
747 4021 946 4093 praeferrentur,
961 4031 987 4072 et
1001 4021 1060 4092 ipre
1071 4021 1148 4092 quasi
1158 4019 1249 4090 quoti·
