3008 4662
1184 489 1214 557 ¹l

179 598 297 672 volens
314 621 485 697 peccasse,
506 617 542 670 et
561 622 644 669 cum
666 597 740 694 ipso
756 597 995 698 Goettingensi
1017 601 1148 676 editore
1167 605 1216 677 sic

182 736 381 789 excusatum
396 714 525 788 habeas
540 713 666 787 velim:
688 717 793 786 «Non
813 712 967 808 defuere,
988 719 1048 815 qui
1068 719 1217 794 nimiam

186 829 504 929 ureprehenderent
529 828 666 928 copiam
681 847 762 904 ,tam
791 829 1030 928 exemplorum
1058 833 1216 906 dictionis

184 943 357 1045 «alicujus
375 966 435 1017 aut
453 943 644 1043 elegantia,
667 969 774 1044 quam
790 965 946 1016 veterum
964 948 1216 1021 recentiorum-

183 1085 277 1158 «que
295 1059 520 1158 scriptorum,
540 1059 577 1129 in
599 1056 699 1130 rebus
719 1058 900 1149 historicis,
920 1060 1156 1160 geographicis
1176 1089 1215 1136 ac

181 1173 370 1273 emythicis
383 1201 405 1245 a
418 1200 476 1246 me
495 1173 725 1247 laudatomm.
742 1173 782 1246 ld
798 1193 916 1246 tamen
935 1201 974 1247 ex
992 1201 1080 1248 vano
1098 1177 1216 1250 erudi-

183 1291 309 1363 ationis
327 1289 538 1380 ostentanda
551 1290 663 1362 studio
679 1291 871 1389 profectum
885 1290 1073 1363 existimari
1087 1293 1215 1384 nolirn,

184 1427 243 1479 ret
259 1433 312 1480 res
323 1407 458 1508 justam
475 1406 729 1478 excusationem
748 1405 875 1478 habere
893 1406 1039 1478 videtur.
1057 1408 1218 1482 Primum
1304 1405 1306 1410 ’

183 1553 198 1584 α
209 1521 303 1593 enim
315 1521 412 1594 haud
423 1520 622 1610 dissimulo,
635 1546 692 1593 me
705 1547 847 1592 omnem
861 1519 992 1592 dedisse
1004 1549 1164 1621 operam,
1177 1541 1217 1596 ut

181 1663 316 1734 «quam
332 1635 490 1735 plurimis
505 1635 752 1724 satisfacerem5
770 1661 977 1734 aequavero
995 1636 1216 1736 ignorabam,
1271 1720 1274 1728 ¹

181 1749 396 1850 «permultos
413 1750 516 1822 etiam
533 1749 637 1822 hodie
652 1776 723 1822 esse
739 1749 826 1823 viros
844 1749 1073 1843 doctissimos,
1090 1753 1217 1851 quihus

180 1864 416 1938 «haeresum
438 1863 692 1963 verborumque
715 1864 1000 1937 illustrandorum
1023 1868 1107 1938 ratio
1130 1867 1217 1940 adri·

180 2013 195 2044 a
206 1979 301 2072 deat,
314 2007 393 2080 quae
403 1980 487 2052 olim
497 1980 571 2052 Nic.
583 1980 743 2067 Heinsio,
755 1982 974 2071 Burmanno,
985 1983 1215 2074 Broekhusio,

180 2094 492 2168 aDrakenborchio
518 2094 660 2195 aliisque
685 2095 805 2194 magni
830 2096 984 2168 nominis
1012 2097 1217 2171 hominibus

179 2244 195 2274 r
206 2210 437 2311 probabatur:
454 2237 606 2309 quorum
622 2231 739 2283 mmen
753 2211 895 2309 vestigia
909 2237 980 2283 non
993 2212 1040 2283 ita
1050 2233 1217 2311 sequutus

178 2359 193 2390 α
206 2353 301 2416 sum,
322 2349 362 2398 ut
381 2325 540 2424 exempla
556 2347 695 2399 tantum
715 2326 939 2426 exquisitioris
960 2327 1126 2424 loquendi
1142 2328 1216 2400 for-

178 2473 193 2504 «
206 2468 270 2514 ma
283 2442 518 2532 cumularem,
531 2441 632 2513 nulla
643 2439 765 2514 habita
777 2441 909 2513 ratione
922 2441 1063 2539 originis
1075 2443 1150 2543 ejus
1161 2443 1216 2516 vel

178 2585 331 2650 «causa,
354 2558 481 2632 indolis
502 2585 541 2630 ac
565 2557 792 2656 significatus,
813 2585 879 2630 nec
902 2557 1083 2630 admonito
1108 2558 1150 2630 de
1177 2558 1217 2631 iis

176 2705 191 2736 ι
204 2673 347 2762 lectore;
363 2672 431 2744 uisi
444 2672 532 2745 forte
545 2670 605 2744 illa
615 2670 669 2743 vel
683 2698 724 2743 ex
737 2671 820 2744 locis
833 2671 1010 2770 adscriptis
1024 2673 1104 2745 satis
1118 2672 1218 2745 intel·

176 2820 192 2852 a
203 2789 307 2889 ligiet
316 2788 513 2889 legentibus
519 2786 595 2889 jam
606 2787 672 2860 hac
682 2788 942 2888 compendiaria
954 2787 1023 2878 via,
1037 2815 1107 2888 qua
1116 2788 1218 2860 char·

177 2925 246 2978 «te
259 2906 427 3006 parcitur,
441 2905 478 2977 in
491 2903 700 2977 memoriam
715 2906 864 2976 revocari
877 2924 1032 3004 possent,
1047 2903 1100 2975 vel
1113 2904 1161 2976 ibi
1173 2903 1218 2976 ah

177 3052 193 3082 c
206 3019 297 3110 aliis,
308 3047 460 3119 quorum
473 3020 642 3094 editiones
654 3049 693 3093 ac
705 3020 784 3093 libri
796 3021 958 3094 omnium
969 3023 1041 3094 fere
1053 3019 1218 3094 manibus
1289 3095 1291 3102 ,

176 3169 192 3199 ιι
204 3156 380 3224 teruntur,
392 3137 468 3237 jam
488 3137 655 3237 explicata
671 3159 796 3212 essent.
816 3138 951 3211 Deinde
965 3137 1002 3209 in
1020 3137 1217 3209 doctissimo

178 3283 193 3314 ιι
205 3271 305 3350 poeta
319 3251 576 3352 interpretando
593 3254 767 3342 versabar,
783 3253 820 3323 in
837 3278 907 3352 quo
924 3249 1129 3321 adhibenda
1142 3248 1219 3321 talis

181 3397 197 3428 c
209 3366 411 3439 eruditionis
425 3367 570 3440 facultas
585 3388 618 3440 et
631 3368 744 3468 major
758 3387 846 3455 erat,
864 3388 899 3440 et
912 3363 1023 3462 aptior
1034 3383 1135 3462 atque
1153 3365 1220 3436 uti-

177 3513 194 3544 c
206 3478 285 3552 lior.
302 3483 461 3582 Denique
475 3482 512 3555 id
526 3483 597 3582 egi,
613 3503 736 3555 utnon
750 3482 878 3554 tirones
894 3479 1016 3570 modo,
1031 3479 1091 3552 sed
1107 3481 1220 3554 emdi·

180 3617 255 3670 utos
267 3607 410 3697 ¹quoque
425 3599 587 3672 homines
604 3621 639 3672 et
649 3598 845 3700 juventutis
860 3597 1080 3696 potissimum
1095 3598 1219 3696 magis-

178 3739 195 3771 «
206 3731 272 3784 tros
289 3740 408 3786 meam
426 3712 502 3786 Silii
518 3713 708 3787 editionem
728 3711 940 3786 consuluisse
956 3709 1052 3784 haud
1071 3713 1218 3786 omnino

179 3859 195 3890 c
205 3828 400 3924 paeniteret,
413 3849 518 3928 atque
531 3829 588 3921 iis,
600 3831 661 3927 qui
672 3829 846 3928 longiores
858 3826 1104 3926 disputationes
1117 3827 1159 3899 de
1171 3848 1222 3902 tot

178 3944 379 4042 «exquisitis
396 3944 538 4018 dicendi
555 3944 731 4034 formulis,
750 3943 921 4043 rebusque
937 3941 1121 4030 historicis,
1139 3970 1222 4039 my-

179 4088 195 4118 «
208 4057 308 4130 thicis
323 4087 364 4132 ac
379 4059 633 4161 geographicis,
647 4059 757 4132 ubivis
775 4059 813 4130 in
828 4057 1024 4131 doctissimo
1040 4077 1141 4154 pocta
1155 4057 1221 4127 ob·
1298 4127 1301 4136 ,

181 4201 197 4234 c
208 4172 286 4264 riis,
303 4175 553 4270 desiderarent,
570 4175 710 4278 (quales
724 4175 851 4279 passim
867 4173 1113 4267 inveniuntur)
1129 4171 1218 4245 ube-
