2960 4666
482 487 791 554 PUNlCORUM
814 487 906 551 LlB.
929 488 992 551 XI.
1196 485 1258 552 685

223 627 296 691 Jam
309 629 355 693 las
368 626 533 694 Dardanio
545 649 599 691 me
612 649 678 691 non
693 627 816 690 servire
829 627 966 690 colono?

224 733 318 799 Anne
330 735 448 800 iterum
463 733 680 800 Hannibalem
694 729 772 796 dedi
783 729 909 820 placet?
920 742 997 797 Atra
1008 754 1137 797 veneno

224 839 360 905 lnvidiae
373 843 533 931 nigroque
546 838 702 905 undantia
715 856 848 928 pectora
862 837 954 916 felle,

222 944 373 1012 Tandem
386 965 436 1014 tot
447 949 549 1014 titulis
562 963 676 1037 totque
690 963 819 1012 exorata
832 946 978 1034 tropaeis,

80 1061 82 1070 “
138 1062 176 1068 ”
224 1049 341 1117 Infelix
353 1054 589 1120 mutatdextra
601 1077 713 1133 en‚en
728 1052 989 1142 dextera‚quam
1001 1069 1038 1117 tu
1220 1067 1264 1114 550

223 1156 374 1224 AEneadis
386 1160 528 1226 lacerare
541 1159 655 1238 dabas,
670 1175 703 1223 et
713 1159 823 1237 litora,
838 1173 871 1225 et
881 1181 1009 1236 amnes,

223 1262 265 1327 Et
277 1280 402 1354 stagna,
417 1283 450 1331 et
461 1268 542 1332 latos
555 1266 693 1356 inplevit
705 1266 865 1353 sangnine
877 1287 1019 1353 campos.
1033 1294 1045 1322 ι

225 1368 305 1433 Haec
317 1374 429 1459 Mago,
442 1390 542 1461 atque
554 1373 680 1437 animos
693 1371 786 1436 lavor
797 1369 887 1434 haud
902 1369 1061 1451 obscurus
1072 1369 1188 1436 alebat.

267 1476 343 1556 Cui,
357 1479 452 1542 simul
465 1477 588 1542 invidia
601 1495 701 1567 atque
714 1479 760 1541 ira
773 1475 1033 1555 stimulantibus,
1047 1477 1186 1542 Hanno:

227 1581 344 1646 «Talia
356 1585 466 1649 vesani
475 1584 608 1675 juvenis
620 1583 768 1648 convicia
781 1583 884 1646 miror
1122 1579 1125 1586 ’
1222 1595 1264 1670 555

225 1685 322 1750 Haud
336 1687 507 1777 equidem:
522 1705 627 1754 tumet
638 1689 787 1776 ingenio,
802 1689 1011 1776 fraternaque
1024 1687 1124 1752 corda

224 1793 298 1855 Non
309 1791 401 1858 tarde
413 1792 570 1859 adnoscas
584 1811 617 1858 et
627 1793 716 1858 virus
730 1793 824 1856 futile
837 1791 968 1880 linguae.

224 1896 328 1979 Quin,
341 1921 383 1963 ne
396 1915 557 1964 mutatum
569 1899 661 1964 vanis
673 1897 832 1962 absistere
844 1895 972 1978 credat,

225 2003 320 2068 Nunc
332 2027 446 2091 pacem
459 2003 635 2085 orandum,
651 2025 739 2068 nunc
752 2001 891 2092 inproba
905 2000 1030 2068 foedere
1042 2019 1141 2091 rupto

225 2109 322 2172 Arma
335 2110 581 2197 reponendum,
596 2126 629 2174 et
640 2108 764 2173 bellurn
779 2107 907 2171 exitiale
919 2105 1106 2171 cavendum
1225 2121 1268 2168 too

225 2213 348 2277 Auctor
361 2237 421 2303 ego
433 2239 440 2278 ε
454 2231 554 2304 atque
566 2213 650 2279 adeo
663 2230 789 2278 vosmet
802 2208 1015 2303 perpendite,
1030 2235 1157 2302 quaeso,

224 2317 312 2400 Quid
325 2322 409 2384 ferat
420 2345 426 2384 :
440 2320 529 2385 hand
541 2319 631 2385 aliud
644 2318 740 2384 nobis
753 2341 889 2408 censere
901 2318 1053 2382 relictum
1066 2335 1125 2384 est.

273 2453 286 2481 ι
298 2424 393 2504 Tela,
406 2428 510 2504 uiroc,
522 2442 655 2504 aurum,
669 2425 803 2506 classes,
816 2424 969 2488 alimenta
982 2439 1148 2514 precatur,
1167 2507 1168 2512 η

257 2602 310 2665 549.
323 2606 390 2652 llnnc
401 2623 494 2656 versum
505 2611 534 2656 D.
547 2611 625 2656 llelnc.
637 2622 690 2673 post
701 2627 723 2656 ι.
736 2611 793 2668 551,
808 2607 942 2673 ponendum
955 2608 1063 2672 putabat,
1076 2609 1140 2673 qnod
1151 2622 1214 2657 recte
1223 2611 1272 2672 jam

225 2673 355 2734 inprobavit
367 2679 453 2740 Dautq.
466 2689 558 2726 exomto
571 2681 620 2727 Col.
633 2690 740 2728 exornata
751 2680 808 2727 Tell.
822 2690 929 2727 exonmte
939 2683 965 2726 ll.
983 2697 1007 2736 1,
1020 2694 1043 2727 ct
1055 2683 1109 2727 Ben.
1124 2679 1199 2742 Vulgo
1210 2697 1275 2728 eror-

225 2755 288 2792 nata.
301 2773 333 2783 -
345 2747 398 2795 550.
411 2751 492 2798 decim
504 2768 545 2810 en,
559 2767 606 2799 non
619 2755 641 2799 d.
656 2753 715 2811 Ιιιιι,
728 2753 776 2800 Col.
790 2755 832 2800 Ox.
846 2755 871 2799 R.
887 2770 898 2799 ι
906 2771 913 2809 ;
925 2751 987 2798 conl.
1001 2755 1078 2799 Helas.
1092 2754 1120 2798 ad
1134 2753 1201 2800 Orid.
1213 2755 1271 2802 Met.

226 2817 274 2874 XV,
286 2819 339 2881 677.
352 2845 383 2856 -
396 2821 448 2867 552.
461 2824 537 2870 Latios
548 2825 609 2886 conj.
625 2827 653 2871 N.
668 2827 746 2872 lleint.
760 2851 791 2862 -
804 2826 856 2872 55³.
874 2824 960 2880 olebat,
977 2843 1024 2871 non
1041 2824 1147 2880 habehat,
1161 2829 1238 2888 scripti
1250 2841 1274 2874 ct

225 2885 252 2930 R·
267 2903 288 2932 a.
304 2891 349 2935 Pro
360 2889 422 2938 hund
432 2893 457 2938 in
468 2895 495 2939 ll.
510 2909 537 2950 a,
549 2911 577 2950 ιι,
589 2894 651 2940 nude
664 2897 778 2957 originem
792 2894 854 2941 salsae
865 2895 970 2940 lectionis
982 2895 1018 2938 An
1029 2909 1073 2955 pro
1089 2895 1159 2940 Haud
1169 2911 1220 2956 sup.
1237 2895 1274 2952 ll,

228 2970 285 3018 299,
297 2971 376 3020 patere
389 2975 468 3010 monet
480 2964 560 3011 Leleb.
571 2991 602 3002 -
612 2965 664 3013 558.
677 2969 737 3026 Quin
750 2966 855 3012 eeren.
868 2967 951 3020 Marsi,
964 2964 1032 3026 prob.
1046 2967 1075 3009 N.
1086 2965 1165 3010 llelm.
1179 2967 1226 3010 Nec
1240 2977 1275 3011 ta-

226 3040 280 3072 men
294 3032 423 3090 spernenda
436 3033 526 3081 ridetur
536 3035 597 3098 vulg.
610 3036 692 3094 lectio,
705 3039 750 3096 Qui
761 3052 816 3082 ιιι...
828 3037 919 3091 credat,
928 3050 997 3097 quarn
1008 3036 1125 3081 revocarit
1137 3033 1217 3079 cheb.
1228 3049 1276 3081 cre·

227 3097 267 3144 dat
278 3099 327 3146 Col.
335 3104 411 3167 Vulgo
422 3109 517 3154 credas.-
528 3125 575 3156 non
585 3109 657 3165 mle,
670 3111 688 3154 si
698 3105 725 3156 ri
739 3109 800 3168 Quin
811 3111 937 3170 gennlnnrn
946 3121 988 3154 eu.
1000 3129 1031 3140 -
1042 3105 1094 3168 559.
1105 3107 1214 3152 orandum
1225 3108 1274 3154 Col.

227 3182 251 3216 et
261 3185 315 3219 inor
327 3179 477 3239 κροηιιιάιιιιι
489 3182 515 3226 ll.
532 3197 556 3236 1,
569 3183 644 3227 Parni.
654 3180 718 3227 Med.
729 3183 784 3228 llen.
794 3181 868 3242 Vulgo
880 3181 988 3226 orandum
1001 3192 1023 3226 et
1035 3181 1173 3243 reponendn;
1185 3181 1232 3226 vid.
1245 3180 1276 3225 ad

228 3242 296 3302 νΠΙ,
308 3245 346 3292 36.
356 3273 388 3284 ·-
398 3249 450 3296 563.
463 3251 548 3298 classes
559 3255 638 3315 scripti
648 3266 671 3300 et
680 3255 707 3299 tt.
720 3269 742 3300 ι.
750 3253 827 3315 Vulgo
836 3251 927 3308 classis,
937 3267 989 3314 qnae
1001 3253 1093 3313 antiqua
1104 3252 1215 3312 scriptura
1226 3265 1276 3296 csse

227 3329 317 3376 potent,
327 3320 397 3368 modo
407 3322 527 3384 posthanc
536 3340 618 3371 vocem
628 3341 718 3373 comma
727 3338 840 3388 ponatur,
851 3324 916 3388 quod
925 3326 948 3370 iu
958 3323 1074 3386 plerisque
1086 3322 1140 3368 edd.
1154 3324 1274 3369 omittitur.

263 3465 314 3537 547
326 3488 382 3541 seq.
397 3470 505 3525 itemm:
518 3491 580 3525 nam
594 3473 665 3526 idem
672 3475 729 3544 jam
774 3477 890 3542 animos,
904 3475 1035 3538 animum,
1047 3472 1189 3535 ferociam,
1199 3471 1275 3538 iram,

229 3546 290 3598 olirn
306 3565 454 3604 censuerat.
467 3552 527 3604 vid.
541 3571 600 3622 sup.
615 3555 651 3617 11,
667 3556 726 3622 377.
774 3552 864 3620 θυμὸν,
871 3554 954 3626 favor
963 3553 1070 3605 Patrurn
1081 3551 1182 3616 alebat,
1194 3564 1227 3603 ,ut
1239 3551 1274 3606 al,

228 3629 383 3682 *Invideo
397 3650 507 3699 meno,
521 3633 556 3684 cl.
570 3632 651 3684 Ovitl.
664 3635 727 3684 Met.
776 3635 873 3685 nutrire
883 3646 909 3685 et
919 3651 1022 3708 aripert.

229 3705 265 3770 ll,
278 3721 328 3777 777
341 3723 368 3761 et
378 3711 614 3764 Sor-*undantia
625 3725 729 3784 pectora
811 3711 870 3780 554.
888 3713 929 3764 cf.
949 3715 1035 3765 oratio
1051 3710 1189 3764 Hannonis
1203 3713 1276 3784 apud

224 3783 308 3853 felle,
318 3789 353 3839 cl.
367 3789 401 3840 etl
409 3793 481 3856 Vlll,
496 3793 554 3845 288.
564 3793 668 3862 -549,
682 3801 729 3844 tro-
774 3793 831 3845 Lir.
843 3785 942 3854 lllllll,
959 3801 967 3845 i
973 3811 996 3845 2.
1009 3825 1044 3833 -
1055 3785 1113 3845 556.
1124 3795 1201 3846 Conl.
1216 3814 1275 3868 sup.

227 3869 305 3936 poeis,
326 3869 459 3938 victoriis,
478 3885 504 3924 et
525 3871 621 3937 titulis,
644 3873 731 3942 gloria
776 3875 812 3936 ll,
833 3873 897 3937 288,
916 3885 942 3923 et
962 3873 998 3923 ibi
1020 3885 1075 3922 not.
1089 3871 1196 3942 -557.
1214 3875 1277 3927 Non

229 3947 346 3998 victoriis
357 3961 443 4018 parta.
458 3979 492 3988 «-
503 3950 563 4003 550.
575 3949 689 4021 Infelix,
702 3961 732 4002 ut
778 3951 861 4017 tarde,
879 3949 967 4002 facile.
980 3981 1015 3990 -
1030 3950 1090 4004 562.
1112 3953 1182 4020 Quid
1190 3953 1277 4024 ferat,

233 4022 324 4086 exirm
342 4045 386 4097 ap.
405 4027 481 4078 lloro.
493 4057 528 4068 -·
540 4027 599 4081 551.
622 4029 733 4082 lacerare
779 4047 835 4100 prae
847 4047 875 4080 se
886 4030 971 4092 leret,
983 4029 1024 4081 rel
1041 4029 1175 4101 proferat,
1192 4031 1278 4103 dicat,

234 4101 323 4164 dabas,·
334 4123 359 4156 r.
374 4105 407 4157 ad
420 4107 452 4172 V,
463 4106 523 4172 324.
534 4135 569 4146 -
580 4107 671 4174 dabas,
687 4123 732 4160 ac·
779 4122 810 4161 ut
823 4127 866 4179 ap.
879 4111 952 4180 virg.
966 4108 1024 4159 AEn.
1038 4111 1075 4172 ll,
1093 4110 1137 4161 161
1147 4148 1155 4176 ,
1165 4123 1191 4161 et
1201 4111 1279 4165 al.-

235 4193 277 4231 tus
289 4201 338 4253 pro
354 4199 466 4250 conatu,
478 4197 508 4237 ut
520 4189 639 4239 reseravit
648 4190 671 4252 l,
688 4189 732 4254 14,
778 4189 850 4241 haud
858 4185 945 4254 aliud,
959 4201 1023 4253 ete,
1034 4188 1129 4240 acerbe
1139 4187 1195 4242 hue
1205 4191 1277 4246 dicta

236 4260 275 4313 rel
288 4261 397 4318 recludis
409 4266 482 4331 lllll,
494 4265 545 4318 523
556 4279 582 4321 et
592 4266 663 4321 nl-
671 4267 731 4322 55³.
778 4279 854 4334 tunt,
866 4279 896 4318 ut
904 4267 1033 4339 pleraque
1042 4268 1070 4317 in
1081 4267 1134 4319 huc
1146 4271 1274 4321 oratione.
