3054 4666
291 433 353 497 308
526 495 527 500 ,
606 435 640 498 C.
665 433 790 500 SlLll
814 436 1007 502 lTALlGl

289 575 374 639 Hinc
387 572 509 662 pariter
520 594 633 659 rupes,
647 572 737 640 lacus
749 573 842 654 hinc,
855 575 932 640 hinc
944 601 1047 658 arma,
1062 581 1227 672 simulque

287 683 439 744 Consona
450 699 513 742 vox
526 694 634 764 urget,
650 679 777 766 signum
791 681 932 746 clamore
945 684 1087 750 vicissim

286 787 348 850 Per
359 783 458 847 colles
470 785 569 874 Tyria
582 783 867 850 circumfundente
880 809 1010 853 corona.

330 895 485 954 Avertere
499 890 560 954 Dei
573 887 698 967 vultus,
712 889 846 979 fatoque
860 891 1023 958 dederunt

284 996 401 1086 Majori
414 1018 480 1059 non
494 1001 610 1082 sponte
623 995 748 1059 locum:
763 1013 874 1084 stupet
886 999 956 1085 ipse
969 1002 1097 1088 tyranni

284 1107 463 1168 Fortunam
476 1102 588 1191 Libyci
604 1103 749 1182 Mavors3
762 1100 964 1192 diajectaque
977 1106 1102 1172 crinem

283 1209 468 1274 Inlacrimat
482 1208 607 1285 Venus;
622 1221 655 1269 et
667 1207 786 1270 Delum
799 1225 972 1296 pervectus
985 1209 1103 1299 Apollo

315 1419 366 1466 ¹99·
383 1407 471 1467 sipnum
491 1397 626 1464 clonqorqua
643 1402 739 1446 vicissim
758 1402 841 1462 corrig.
862 1404 890 1448 N.
908 1405 986 1451 lleina.
1005 1405 1072 1466 prob.
1091 1405 1207 1452 Drakanb.
1229 1417 1255 1452 ut
1275 1423 1323 1453 nou

280 1479 310 1525 ad
327 1476 458 1530 clamorem,
479 1487 548 1537 quem
564 1483 633 1532 pocta
649 1485 692 1533 per
708 1487 827 1519 consonam
844 1489 919 1520 uocem
931 1474 980 1534 jam
999 1475 1134 1537 designarit,
1154 1477 1195 1523 red
1209 1477 1239 1524 ad
1255 1477 1322 1522 tubas

280 1547 408 1602 referatur,
428 1559 479 1608 qua
495 1544 610 1604 utrimque
625 1540 692 1587 simul
706 1543 869 1603 increpuerint.
887 1545 955 1592 Cani.
973 1561 1033 1591 aera.
1055 1544 1104 1592 188.
1120 1547 1165 1592 Sed
1180 1561 1321 1608 quamver-

172 1647 179 1658 ,
280 1619 364 1666 borum
375 1617 475 1663 luxuriet
486 1630 513 1661 ao
526 1613 621 1660 variatio
637 1613 660 1656 in
676 1611 729 1658 Silio
741 1627 784 1658 noa
800 1614 921 1661 offendat?
939 1629 961 1662 et
977 1632 1066 1672 nonne,
1085 1616 1120 1661 illa
1133 1617 1194 1679 conj.
1212 1618 1322 1675 admista,

279 1692 339 1735 inter
348 1689 418 1734 verba
428 1691 517 1748 siqnum
528 1694 552 1729 et
564 1681 655 1748 elonqur
667 1681 724 1728 nihil
738 1683 855 1742 differret,
867 1687 973 1749 adeoque
986 1686 1035 1732 bac
1046 1687 1114 1732 lcctio
1126 1703 1173 1734 non
1187 1689 1262 1733 minua
1272 1687 1323 1732 ltn-

279 1761 374 1822 gueret?
386 1759 471 1803 Lenior
484 1755 544 1800 fone
556 1753 670 1798 medicina
681 1752 742 1799 foret
757 1753 872 1817 clarum,
885 1755 921 1801 vel
937 1759 1013 1817 potina
1027 1759 1114 1821 aunum
1130 1757 1261 1804 Hannibalis
1273 1757 1321 1804 cla·

279 1845 371 1894 morque.
386 1829 509 1874 Poenorum
520 1827 615 1870 vicissim
627 1836 735 1886 tanquam
751 1839 794 1869 ror
808 1841 908 1872 consona
919 1838 1000 1886 urget,
1014 1830 1081 1887 Tyria
1093 1844 1175 1874 corono
1186 1827 1321 1892 circumfun-

278 1903 343 1947 dcute
352 1903 476 1946 Romanoa.
487 1900 535 1943 Nec
547 1909 623 1942 tamen
635 1895 716 1950 rideo,
730 1910 772 1942 cur
783 1911 829 1940 non
841 1895 943 1942 ieramus
954 1897 980 1942 ni
993 1897 1102 1954 clamore,
1113 1913 1185 1972 qaum
1195 1898 1261 1946 Silina
1270 1914 1321 1945 rer»

278 1971 306 2016 ba
317 1973 404 2034 sunum
412 1966 538 2014 clamore...
550 1981 632 2010 corono
641 1963 672 2009 ad
680 1979 801 2010 consonum
810 1981 885 2012 uncam
898 1967 1053 2028 explicandam
1063 1967 1173 2028 adjeciaae
1185 1969 1258 2014 videri
1268 1985 1320 2030 poa·

277 2043 317 2098 ait,
334 2039 404 2085 modo
421 2051 509 2084 comma
526 2048 578 2096 post
592 2037 689 2080 uicissim
704 2034 809 2080 deleatur
834 2047 859 2081 ut
873 2035 1065 2099 circumfundente
1075 2038 1105 2083 ad
1115 2039 1204 2100 tignum
1215 2051 1319 2099 apectet:

278 2112 319 2156 etai
331 2110 391 2155 forte
405 2107 535 2169 praetiterit
547 2103 742 2158 circumlatrante,
755 2070 1000 2180 velfircurnuolucnte,
1012 2105 1048 2150 vel
1058 2107 1263 2152 circumstridenta:
1277 2110 1321 2152 ttici

276 2182 340 2228 malla
350 2185 467 2245 siparum...
482 2175 668 2222 circumvallante.
685 2176 729 2221 Pro
741 2175 831 2237 vulgata
844 2179 911 2223 etiam
923 2191 1010 2240 pugnat
1022 2178 1102 2224 Leleb.
1116 2191 1139 2225 et
1149 2173 1175 2226 cl
1184 2179 1320 2245 clunqorpue

276 2256 380 2316 ineptum
391 2263 463 2314 putat.
476 2275 508 2286 —
524 2263 574 2294 aaa.
587 2257 663 2309 stupet
674 2247 723 2294 Col.
736 2248 820 2309 probb.
839 2251 868 2293 tt.
882 2251 960 2296 licina.
974 2262 996 2295 et
1008 2249 1078 2296 Dru.
1096 2250 1165 2312 idque
1177 2253 1254 2313 recepi
1266 2267 1320 2298 cunt

274 2325 356 2371 Lelcb.
368 2321 477 2368 Praeclare
488 2322 549 2367 blara
558 2321 608 2380 ipae
618 2330 664 2364 tam
676 2318 826 2364 admiratione
836 2318 980 2376 Hannibalia,
991 2335 1060 2382 quam
1072 2333 1135 2366 metu
1147 2333 1170 2366 et
1180 2319 1274 2376 dolore,
1288 2321 1320 2366 ob

276 2397 425 2444 calamitatem
435 2394 555 2448 Romania,
565 2405 666 2455 quornm
676 2403 742 2452 patcr
751 2402 798 2446 eat,
809 2390 985 2452 inpendentem,
995 2390 1084 2436 delixa·
1097 2404 1120 2437 ct
1128 2391 1243 2438 adtonitus
1253 2394 1318 2455 quati
1355 2391 1363 2406 ⁸

276 2479 370 2527 torpere
380 2464 476 2518 dicitur;
487 2465 567 2524 Stupet
571 2461 691 2524 fortunam
701 2472 727 2506 ut
736 2475 773 2520 ap.
782 2461 846 2520 l'irg.
860 2462 909 2505 AEn.
923 2462 956 2514 ll,
969 2459 1012 2515 31,
1024 2472 1060 2514 et,
1073 2475 1132 2522 quoa
1145 2459 1214 2506 nrm.
1226 2461 1318 2517 laudat,

275 2534 327 2581 Val.
338 2535 399 2580 Flac.
410 2534 439 2588 V,
452 2533 495 2593 963
508 2535 562 2578 Stat.
574 2531 619 2577 Th.
631 2528 740 2594 lvuldssi
752 2531 818 2587 vul,
833 2529 887 2584 150,
900 2543 923 2576 et
932 2531 1024 2576 Patron.
1038 2545 1060 2575 c.
1074 2544 1115 2590 ²9³
1128 2531 1168 2576 ubi
1179 2530 1227 2576 rid
1239 2533 1318 2577 Burni.

276 2604 352 2665 Vulgo
368 2607 436 2650 timet.

279 2769 306 2824 V
303 2787 372 2834 usco,
384 2772 455 2822 coni.
465 2768 499 2822 ad
507 2771 551 2837 lll,
562 2769 622 2823 358.
631 2799 667 2810 --
678 2771 725 2841 198
733 2789 774 2842 aq.
820 2773 910 2843 Heyne
923 2770 957 2823 ad
966 2770 1064 2822 Tibull.
1074 2772 1107 2836 ΙΙ,
1119 2787 1138 2836 ι,
1148 2769 1317 2840 79.—Arma

276 2850 316 2902 cf.
331 2849 386 2902 Liv.
400 2852 484 2914 xxti,
498 2851 529 2918 4,
544 2862 569 2902 et
582 2847 616 2900 ad
629 2867 654 2901 v.
669 2851 702 2902 38
717 2868 772 2921 aeq.
820 2865 846 2903 et
863 2869 975 2904 consona
988 2869 1037 2902 uox
1049 2850 1216 2922 explicantur
1230 2847 1317 2918 adjec-

274 2958 311 2970 -·
325 2947 414 2996 anna,
433 2931 527 2982 armati
543 2931 571 2980 in
588 2931 697 2994 castris,
717 2947 774 2999 quoe
820 2931 853 2981 tia
867 2931 970 2982 verbis:
991 2931 1070 3000 Tyria
1087 2947 1196 2995 corona,
1214 2929 1314 2994 Peraia,

275 3009 407 3061 Hannibal
421 3011 448 3061 in
462 3009 609 3080 patentiore
623 3027 718 3079 campo
731 3011 775 3060 in·
818 3009 992 3081 circumfund.
1008 3009 1192 3081 spargentibus
1203 3009 1315 3082 alpinum

276 3102 316 3142 ter
330 3103 433 3142 montes
450 3102 476 3142 et
489 3090 725 3160 lacumpposuerat.
738 3117 773 3129 --
819 3109 891 3142 arma
903 3108 960 3156 aua,
973 3108 1027 3142 una
1039 3107 1098 3141 cum
1109 3089 1228 3151 clamom3
1238 3090 1313 3142 Lena.

273 3169 403 3242 simulque
414 3172 530 3222 Consano
540 3185 598 3231 vox,
610 3167 722 3219 militum
735 3168 773 3218 le·
854 3187 911 3222 aot.
924 3170 978 3240 lpai
988 3168 1034 3232 dii,
1045 3169 1146 3221 crudeli
1158 3171 1262 3221 Junone
1272 3187 1315 3222 ax·

274 3250 314 3300 ria
334 3257 489 3315 armaturae,
510 3250 555 3320 qui
572 3266 620 3318 per
635 3246 724 3311 colles,
745 3248 772 3297 iu
817 3262 904 3322 cepta,
915 3264 1014 3302 sortem
1024 3251 1213 3314 Romanorum,
1225 3269 1314 3302 necea-

275 3343 373 3394 monte,
384 3331 417 3382 de
425 3349 478 3403 quo
484 3331 539 3398 jam
549 3327 666 3398 undique
679 3325 772 3377 decur-
817 3330 894 3380 ritate
906 3331 1037 3393 fatorum,
1050 3348 1129 3400 quam
1141 3330 1244 3381 solvere
1257 3331 1314 3399 qui-

274 3407 462 3482 runtpiqnum,
472 3407 571 3458 scilieet
580 3407 772 3477 signa,eaerci-
817 3406 877 3459 dem
888 3421 914 3458 et
924 3407 1075 3460 rescindere
1086 3411 1206 3479 cupiunt,
1216 3426 1265 3460 nec
1274 3419 1313 3460 ta·

275 3498 329 3538 tum
335 3491 516 3540 Romanorum
524 3485 695 3556 (undest'qnis
703 3487 770 3536 forte
816 3503 876 3536 men
889 3500 1016 3557 possunt,
1028 3490 1199 3540 constitutam
1209 3486 1313 3558 lugent,

272 3565 414 3636 legendum
434 3567 493 3636 eat)
511 3565 768 3635 circumfundebant,
815 3577 841 3617 et
851 3585 865 3616 a
876 3567 1031 3637 spectaculo
1041 3580 1093 3618 tam
1103 3567 1207 3639 lugubri
1220 3566 1313 3618 oculor

272 3640 299 3694 h.
310 3665 334 3696 a.
345 3647 562 3698 circumdabant:
573 3645 623 3695 nisi
635 3643 702 3696 lone
712 3662 770 3696 sen·
815 3660 944 3699 avertunt.
961 3651 1022 3700 Non
1039 3661 1144 3719 poterat
1160 3648 1255 3699 lortius
1272 3667 1314 3700 ex·

272 3739 378 3790 tuaest,
388 3724 770 3795 Tyriumcomnam,nimirum
815 3727 893 3795 primi
907 3726 1027 3779 adiectus
1045 3725 1160 3790 doloris,
1177 3726 1219 3776 cui
1232 3741 1314 3795 poeta

271 3801 344 3872 ipsos
364 3805 472 3868 Poenos,
495 3806 523 3854 in
547 3813 636 3853 monte
657 3804 770 3853 circum·
815 3808 873 3877 ipae
882 3811 939 3878 jam
953 3828 977 3860 v.
990 3808 1023 3876 75
1035 3821 1061 3859 et
1081 3807 1143 3876 189,
1155 3804 1311 3861 indulserat.

271 3885 342 3935 eirca
358 3884 477 3948 locatos,
491 3884 593 3956 siquam
611 3881 768 3949 invadendi,
813 3883 1258 3960 -fatoMajoriceaaeranmids.
1268 3887 1309 3958 75.

271 3961 567 4029 abHanuibaledatum‚
573 3959 699 4033 percolles
707 3980 767 4014 cum
849 3969 908 4034 204.
919 3966 1073 4019 Iulacrimnt
1085 3965 1116 4017 V
1113 3985 1188 4031 enus,
1199 3979 1229 4017 ut
1239 3967 1311 4037 apud

269 4041 591 4113 clamorect'rcumfudisse,
602 4041 628 4092 h.
637 4041 766 4094 e-circutn
811 4045 885 4117 Virg.
895 4046 997 4099 AEncid.
1008 4046 1054 4098 lib.
1065 4047 1085 4111 l,
1098 4046 1157 4113 228,
1168 4061 1194 4099 et
1203 4046 1309 4117 Apollo,

269 4123 413 4186 cecinisse,
427 4134 456 4171 ut
471 4119 765 4191 ferefundcrevocem,
811 4123 911 4178 doloris
930 4125 1046 4178 leniendi
1066 4143 1161 4193 cauta,
1180 4128 1275 4198 procul
1294 4145 1310 4179 a

269 4217 378 4270 praeeo,
390 4217 487 4266 sonos,
499 4211 549 4252 etc.
562 4211 696 4271 -urqct,
712 4199 764 4253 rid.
810 4207 880 4258 triati
895 4223 990 4280 pugna
1009 4208 1088 4274 loco,
1105 4205 1189 4281 lyram
1205 4207 1308 4280 plectra
