3054 4666
511 459 825 526 puurconuu
848 461 941 524 arn.
965 461 1027 527 vt.
1217 457 1279 546 373

239 594 281 659 Et
293 594 347 660 dat
360 614 450 688 terga
463 601 551 666 celer
562 602 637 667 licta
650 597 826 664 formidine
840 598 966 664 ductor.

130 737 133 744 »
239 701 338 767 Haud
350 728 444 772 secus
456 730 494 772 ac
505 707 641 773 stabulis
652 729 833 796 procurans
845 706 925 784 otia,
939 723 1050 795 pastor

239 807 278 870 ln
290 807 420 875 foveam
431 835 531 902 parco
543 827 663 877 tectam
675 810 838 876 velamine
851 811 978 877 frondis

238 912 337 978 Ducit
348 933 446 982 nocte
457 918 555 1003 lupos
567 916 683 1004 positae
695 915 860 982 balatibus
871 939 973 1004 agnae.

285 1018 462 1110 «Abripuit
474 1023 636 1111 traxitque
648 1022 757 1086 virum
770 1022 823 1085 fax
835 1022 955 1086 mentis
964 1020 1114 1088 honestae

237 1123 363 1204 Gloria,
378 1143 411 1192 et
424 1129 539 1194 incerti
551 1128 648 1193 fallax
661 1127 782 1194 liducia
793 1129 918 1194 Martis.

237 1233 311 1297 Non
324 1235 429 1300 socios
441 1236 642 1300 comitumve
655 1257 786 1313 manus,
798 1257 867 1298 non
878 1257 967 1298 arma
981 1253 1179 1324 sequentum

237 1338 425 1428 Respicere,
439 1341 554 1406 insano
567 1364 687 1428 pugnae
699 1337 859 1404 tendebat
870 1362 982 1404 amore
1237 1353 1281 1400 335

234 1443 308 1507 Jam
321 1446 422 1526 solus,
438 1446 542 1511 nubes
556 1446 666 1510 subito
678 1469 783 1536 quum
796 1445 899 1511 densa
911 1447 1081 1513 Laconum

234 1549 361 1614 Saxosis
372 1551 505 1616 latebris
518 1551 646 1616 intento
658 1550 699 1616 ad
711 1549 825 1638 praelia
837 1551 960 1615 circum

236 1657 412 1739 Funditur,
427 1675 460 1724 et
471 1664 571 1726 Poena
583 1660 724 1748 insurgit
735 1658 783 1724 vis
798 1681 883 1724 saeva
894 1659 1053 1724 virorum.

1030 881 1036 912 l

234 1816 327 1868 babent.
338 1821 461 1878 Nicander,
470 1837 532 1868 novo
541 1838 611 1870 versu
619 1821 753 1882 interjecto,
763 1820 813 1868 bac
824 1819 878 1868 Silio
890 1819 1007 1868 abu-udis:
1018 1819 1158 1868 claudebant
1169 1820 1271 1888 linquens
1276 1859 1285 1881 ,

234 1887 307 1936 subito
319 1893 343 1936 r'a
353 1908 373 1939 e.
384 1897 447 1958 pyris
458 1896 533 1940 Vertit
544 1909 627 1957 equum
639 1891 775 1956 simulatque
783 1891 868 1957 fraqam
878 1894 983 1956 pmurbsu
994 1894 1075 1949 rubra,
1085 1893 1118 1937 Et
1128 1893 1151 1938 d.
1165 1901 1181 1938 t.
1196 1907 1216 1940 c.
1225 1894 1285 1955 fietu

227 1957 252 2018 f.
266 1959 288 2004 d.
304 1961 386 2006 Omnia
399 1961 449 2008 bac
465 1961 563 2008 fideliter
575 1977 708 2025 expressere
723 1961 775 2008 atd.
788 1961 876 2025 Gryph.
888 1959 1023 2008 blut-Wolf.
1037 1963 1092 2023 (qui
1102 1977 1125 2006 v.
1139 1959 1184 2008 328
1194 1977 1283 2025 perpe-

235 2043 284 2075 ram
295 2033 385 2091 omisit)
398 2030 471 2078 Calin.
484 2033 571 2095 Dauaq.
585 2044 608 2078 et
619 2033 667 2090 alii,
682 2045 837 2097 praeterquaut
848 2033 913 2096 quod
925 2047 1021 2089 ornnes,
1035 2043 1132 2095 excepto
1144 2031 1202 2080 atao
1211 2067 1218 2090 ,
1228 2051 1284 2099 qra-

236 2103 294 2146 viom
304 2115 348 2162 pro
357 2106 474 2167 praviora,
487 2115 510 2148 et
520 2102 593 2150 Coliu.
605 2105 694 2166 Dausq.
704 2103 788 2168 aliique
799 2107 858 2150 vt'eu
866 2119 911 2166 pro
916 2103 975 2165 ficta
987 2100 1161 2150 substituerunt.
1174 2105 1284 2152 Ceterum

181 2189 182 2192 ¹
235 2173 301 2216 vertit
311 2185 330 2217 s.
343 2175 466 2218 certamina
477 2174 560 2218 Gratus
570 2173 662 2220 emend.
674 2172 751 2220 Barth.
762 2173 821 2220 Adv.
830 2176 856 2230 l,
869 2173 909 2230 13,
920 2185 943 2219 et
952 2170 1082 2219 Condebat
1089 2187 1134 2233 pru
1143 2170 1285 2220 claudebant

235 2237 312 2286 llum
325 2241 385 2304 Alf.
399 2257 421 2288 η.
432 2245 518 2297 socios,
530 2241 569 2288 ubi
576 2258 597 2288 c.
611 2258 630 2288 s.
642 2241 797 2299 claudebant,
808 2245 886 2299 uertit,
899 2255 943 2289 etc.
954 2241 1035 2288 melius
1043 2241 1104 2288 lorte
1114 2242 1221 2304 distingui
1230 2259 1284 2305 pos·

236 2325 261 2355 ae
271 2313 367 2373 putabat
377 2313 448 2360 unt.
459 2313 482 2360 b.
494 2329 516 2359 e.
526 2315 594 2360 vertit
605 2316 693 2370 socios,
704 2314 746 2362 uhi
755 2331 809 2362 saxa
819 2307 968 2370 claudebant,
979 2313 1005 2360 b.
1018 2329 1039 2358 e.
1052 2313 1199 2371 desinebant,
1210 2327 1236 2360 ut
1245 2329 1283 2376 sp.

236 2379 293 2428 Gell.
307 2381 333 2438 1,
345 2399 371 2442 7,
384 2381 424 2428 ubi
434 2382 479 2429 vid.
492 2384 569 2446 lntpp.
583 2382 709 2440 claudere,
720 2382 834 2432 iuludere
848 2397 870 2431 et
881 2384 1002 2432 excludere
1012 2399 1056 2445 pro
1068 2384 1134 2430 linire
1145 2385 1229 2446 passim
1240 2399 1284 2431 oo-

199 2503 202 2512 *
236 2463 344 2508 currunt,
357 2467 378 2498 v.
392 2467 412 2497 c.
425 2453 492 2509 lllll,
503 2452 561 2509 686,
572 2453 612 2498 ubi
625 2453 695 2499 Drak.
708 2451 786 2500 laudat
797 2455 847 2511 XV,
857 2454 916 2508 655;
929 2453 996 2500 Ovid.
1009 2455 1070 2499 Fast.
1083 2453 1128 2507 lll,
1142 2453 1200 2511 384ς
1212 2455 1283 2516 Prop.

238 2523 273 2578 ll,
290 2537 329 2579 12,
340 2537 396 2572 extr.
407 2523 461 2584 (ubi
471 2525 517 2572 vid.
530 2527 658 2584 Passerat.)
672 2529 728 2572 Stat.
740 2525 793 2572 stu.
803 2528 839 2583 ll,
850 2527 917 2574 Praf.
929 2537 952 2577 et
964 2527 1066 2572 Gronov.
1080 2524 1110 2570 ad
1121 2527 1201 2571 Senec.
1213 2528 1284 2588 Epist.

239 2595 287 2639 llll.
304 2596 349 2642 Sed
364 2596 446 2643 confer
460 2609 508 2644 not.
524 2623 552 2633 -
566 2597 619 2660 329·
635 2607 658 2642 et
673 2595 959 2644 salamandram.
973 2597 1003 2654 3,
1015 2612 1027 2642 o
1041 2594 1137 2643 stabulis
1151 2599 1226 2645 Parus.
1239 2607 1285 2645 sta·

239 2661 289 2709 utu
299 2666 404 2726 quadam
414 2666 467 2714 edd.
478 2677 574 2716 recentt.
582 2694 614 2704 -
622 2669 674 2714 335.
686 2667 807 2728 lllajorern’
815 2671 953 2732 interpunet.
963 2681 1016 2732 post
1024 2682 1101 2712 umore
1113 2668 1136 2712 iu
1147 2666 1199 2714 edd.
1208 2667 1285 2733 vulgg.

239 2737 433 2798 crespulum,
447 2741 544 2799 positam
556 2739 646 2786 sustulit
658 2741 685 2784 tt.
699 2741 777 2786 Heius.
788 2727 820 2776 -ss
834 2740 888 2787 336.
903 2737 957 2786 soto
968 2733 1042 2786 Oxou.
1055 2737 1099 2785 toli
1111 2740 1193 2802 corrig.
1207 2740 1284 2790 Barth.

133 2817 135 2822 ·
239 2805 296 2850 Λᾶν.
309 2809 332 2863 l,
349 2807 390 2864 13;
407 2810 518 2856 eortdeusu
529 2813 580 2857 Put.
595 2837 627 2847 ·-
638 2812 691 2875 337.
705 2816 790 2859 tnunto
801 2811 851 2859 Col.
865 2823 888 2858 et
897 2801 976 2858 ·l³arm.
992 2809 1055 2857 conf.
1068 2811 1145 2856 lleius.
1160 2811 1190 2856 ad
1202 2811 1285 2858 Claud.

239 2875 300 2924 laud.
310 2880 358 2928 Stil.
371 2883 394 2937 l,
408 2881 464 2936 astu
475 2885 565 2929 iriuntoe
576 2884 650 2930 Oxou.
663 2887 688 2930 ll.
703 2885 730 2940 3,
743 2885 807 2930 Med.
820 2884 908 2930 intende
917 2887 968 2930 Put.
982 2882 1099 2928 intendens
1107 2879 1187 2946 prelia
1198 2884 1286 2943 primus

239 2949 383 3010 interpolavit
393 2952 496 3008 Marsus,
508 2967 579 3014 quem
588 2955 661 2999 secuti
672 2966 726 3000 aunt
736 2954 785 3009 alii;
799 2957 884 3000 inuata
895 2969 924 2998 ex
935 2952 1026 2998 emend.
1039 2950 1117 2998 Barth.
1130 2951 1218 3012 recepit
1230 2950 1286 2997 Cell.

240 3039 271 3050 ·-
282 3015 336 3064 338.
349 3021 433 3074 l'oena,
448 3019 472 3066 b.
485 3037 506 3066 e.
520 3023 623 3076 Punica,
636 3036 678 3068 seu
689 3024 789 3078 Punica,
804 3023 886 3070 Colou.
899 3021 964 3084 quod
975 3022 1114 3084 probaverat
1126 3021 1153 3064 N.
1166 3020 1244 3066 lleius.
1258 3021 1287 3067 ad

241 3084 320 3132 Claud.
333 3086 348 3133 l.
362 3105 382 3135 e.
395 3090 435 3151 qui
447 3101 524 3135 tamen
537 3091 559 3134 iu
571 3102 619 3136 not.
633 3091 663 3136 ad
674 3090 697 3136 b.
710 3089 725 3136 l.
742 3091 841 3153 praetulit
855 3093 955 3151 conject.
970 3088 1056 3136 ltartbii
1068 3089 1163 3134 Panum
1174 3089 1289 3144 uirorum,

239 3153 383 3204 adsentiente
398 3159 469 3204 Dral.
480 3175 536 3221 pene
548 3162 622 3204 Parm.
634 3175 707 3221 putta
719 3163 734 3206 i.
742 3165 784 3224 jus
795 3170 816 3206 ct
826 3176 885 3224 pena
899 3177 921 3205 ν.
933 3161 1008 3206 Oxou.
1021 3156 1097 3219 Vulgo
1107 3173 1196 3220 parom
1211 3167 1289 3221 spreta

241 3240 285 3286 pro
296 3243 355 3274 saeva
367 3229 459 3276 volebat
473 3229 549 3276 barth.
566 3243 589 3276 et
601 3245 661 3276 cruca
673 3231 701 3274 tt.
715 3233 792 3277 Heius.
804 3233 834 3278 de
846 3248 894 3294 quo
906 3247 957 3277 voc.
971 3229 1017 3276 vid.
1031 3245 1082 3291 sup.
1096 3228 1125 3274 ad
1140 3245 1161 3275 v.
1178 3245 1207 3292 75
1219 3238 1287 3294 atque

242 3349 299 3402 bat.
315 3353 375 3404 Vid.
394 3354 467 3421 adl,
484 3356 544 3426 539.
562 3387 596 3396 --
612 3358 665 3427 329
681 3375 739 3429 sqq.
822 3354 1024 3426 332.Atrtpatr,
1035 3351 1286 3424 utV‚229,Al›rep-

244 3432 583 3506 Praolsraoomparutio,in
591 3455 644 3508 qua
651 3449 741 3508 poeta,
788 3446 858 3504 ωε...
866 3436 993 3488 cadum...
1003 3433 1210 3503 amore—fax,
1220 3434 1286 3484 iuci-

245 3526 375 3582 quantum
387 3516 508 3584 memini,
520 3515 587 3568 nibil
597 3517 678 3569 debet
687 3517 743 3568 tta·
786 3529 946 3580 umectum,
957 3515 1050 3565 mentis
1060 3513 1170 3564 bonestoe
1182 3511 1271 3565 Gloria
1278 3554 1286 3581 ,

245 3594 313 3643 roni.
337 3593 377 3644 Da
398 3595 488 3664 prisco
504 3594 648 3665 luporum,
663 3597 742 3649 lovea
788 3613 845 3668 qua
852 3595 1010 3646 urereatiam
1019 3595 1104 3663 poetis
1112 3591 1285 3644 dicitur.Vid.

243 3673 365 3744 virgultis
379 3686 464 3741 tecta,
480 3686 507 3726 et
523 3674 658 3729 balatibus
669 3694 743 3748 agna
788 3679 875 3728 Burm.
886 3672 1057 3737 athal.l·'l.l,
1066 3671 1215 3742 76.-335.
1227 3683 1284 3726 teo·

244 3752 272 3802 in
289 3771 321 3804 ea
334 3754 424 3824 positas
440 3767 466 3805 et
483 3753 617 3826 adligata,
634 3759 743 3826 capien-
787 3756 876 3820 debat,
888 3771 925 3804 sc.
939 3769 1059 3818 cursum,
1070 3769 1116 3804 seu
1126 3769 1244 3824 gressus,
1257 3767 1287 3806 ut

245 3830 340 3883 dorum
350 3834 446 3899 modo,
455 3833 509 3885 vid.
518 3834 618 3903 Dauaq.
629 3835 742 3886 etDralr.
787 3837 858 3901 vttt,
879 3834 927 3904 37,
944 3833 1008 3900 242,
1022 3833 1072 3882 uisi
1084 3832 1160 3883 malis
1173 3845 1285 3885 conten·

245 3910 280 3963 ad
288 3913 457 3965 hunalocurn
467 3927 494 3966 at
502 3912 593 3986 Stepb.
603 3911 639 3965 ad
647 3913 742 3966 Sason.
788 3915 883 3979 debat,
893 3911 1045 3984 pugnabat,
1058 3911 1097 3964 vel
1106 3913 1286 3984 repugnabat,

245 3993 362 4044 Gramm.
374 3995 440 4046 lliat.
449 3995 517 4046 Dan.
529 3996 567 4061 11,
576 4013 604 4066 p.
616 4009 656 4044 at.
672 3996 743 4045 Loca
789 3994 884 4065 dequo
893 3991 1041 4043 vidllavis.
1051 3990 1084 4042 ad
1092 3993 1147 4043 Cic.
1156 3993 1253 4057 Findi,
1262 3995 1287 4058 5,

246 4075 324 4127 elasa.
337 4088 398 4128 sunt
410 4076 510 4128 Pollae.
521 4079 554 4142 V,
565 4078 594 4130 81
605 4097 611 4138 ;
624 4076 743 4146 Oppiun.
789 4085 815 4126 ct
826 4073 908 4125 Gran.
924 4071 958 4122 ad
970 4071 1024 4122 Liv.
1040 4071 1132 4121 lllllll.

245 4152 343 4226 Cyneq.
353 4157 399 4222 lV,
411 4173 524 4227 aruaq,
535 4169 561 4209 et
568 4155 662 4210 Claud.
670 4154 742 4207 laud.
825 4151 885 4205 336.
896 4153 986 4217 nubes,
998 4147 1051 4201 vid.
1063 4148 1097 4201 ad
1107 4151 1131 4214 1,
1141 4149 1171 4202 31
1181 4165 1207 4214 r,
1218 4161 1242 4200 et
1252 4153 1288 4214 ll,

243 4232 301 4285 Stil.
316 4236 363 4286 nt.
377 4236 428 4301 3l⁰
440 4253 480 4306 sq.
494 4236 539 4287 ubi
551 4235 605 4290 vid.
619 4233 708 4286 Bartb.
790 4233 849 4298 433.
864 4261 900 4272 -
911 4231 972 4310 338.
986 4231 1022 4282 uis
1033 4245 1097 4282 soeoa
1111 4229 1238 4292 virorum,
1252 4231 1286 4280 ol.
