3036 4668
496 422 1010 492 runlconunnm.1u.
1222 413 1282 514 239

235 557 399 625 Herculea
411 559 547 638 vallum;
562 580 595 626 et
607 563 711 653 majus
725 565 780 642 sit,
795 563 952 631 scandere
965 567 1079 646 colles,
1118 575 1124 608 '·

233 668 284 760 An
297 682 422 732 vestros
435 669 563 757 rupisse
576 670 691 758 globos
704 695 711 734 ε
726 671 782 735 det
794 673 902 738 inania
916 673 1027 753 famae,
1128 679 1132 690 '
1220 683 1222 690 '

235 773 323 836 Dum
334 797 452 862 magna
464 775 540 840 fuso
553 799 679 866 pugna,
693 794 849 869 retroque
862 784 987 858 ruenti,

235 879 306 960 Qua
318 896 454 944 ventum
468 899 531 959 est,
545 882 677 948 obstent
688 885 787 973 Alpes
800 910 807 949 ε
821 908 922 974 super
933 886 1035 952 ardua
1049 887 1185 953 ductum
1252 902 1279 962 ς’»

237 985 311 1048 Huc
323 1007 419 1072 egere
432 988 509 1066 Dei,
525 989 634 1054 Latios
649 1005 684 1053 ut
697 993 855 1080 sanguine
868 991 951 1057 fines
974 1005 983 1044 i
1156 989 1161 1012 ¹

238 1089 407 1170 inbueret,
422 1091 585 1183 tellusque
597 1095 725 1162 hostilis
738 1097 898 1162 conderet
911 1122 992 1164 ossa.

237 1194 324 1260 Scire
336 1195 431 1277 libet,
446 1222 532 1264 nova
544 1223 633 1266 nunc
646 1202 742 1268 nobis
754 1219 855 1293 atque
867 1205 969 1270 altera
981 1205 1106 1284 bellum

236 1301 412 1391 Carthago,
425 1327 511 1369 anne
525 1305 641 1371 eadem
654 1309 778 1382 mittat,
793 1332 883 1398 quac,
898 1333 1005 1376 mersa
1019 1311 1080 1376 sub
1094 1332 1221 1399 aequor,

239 1409 366 1495 AEgates
378 1410 465 1474 inter
476 1429 567 1476 vasto
577 1412 666 1501 jacet
677 1413 795 1478 obruta
809 1433 922 1502 ponto.
936 1447 949 1474 n
1253 1427 1283 1472 a.

281 1515 361 1578 Haec
373 1517 432 1593 ait,
445 1530 545 1606 atque
558 1540 677 1605 agmen
689 1520 797 1584 Ticini
810 1520 914 1584 flectit
926 1521 968 1585 ad
984 1520 1098 1586 undas.

236 1621 398 1686 Caeruleus
410 1623 546 1688 Ticinus
558 1645 675 1712 aquas,
688 1642 721 1690 et
733 1641 847 1714 stagna
859 1626 984 1693 vadoso

238 1727 432 1816 Perspicuus
445 1747 552 1794 servat
566 1729 691 1794 turbari
703 1732 812 1795 nescia
826 1730 946 1811 fundo,

237 1836 282 1896 Ac
294 1832 436 1896 nitidum
448 1832 545 1898 viridi
557 1834 647 1899 lente
659 1835 761 1912 trahit
772 1859 870 1900 amne
882 1836 1055 1926 liquorem.

238 1937 299 2002 vix
311 1938 424 2004 credas
437 1940 519 2018 labi;
533 1942 612 2028 ripis
625 1958 691 2005 tam
705 1941 794 2008 mitis
806 1943 918 2030 opacis

238 2035 386 2132 Argutos
394 2047 481 2110 inter
493 2048 666 2112 volucrum
678 2049 858 2112 certamine
870 2065 1002 2127 cantus,

236 2151 455 2216 Somniferanr
468 2150 559 2218 ducit
571 2153 695 2218 lucenti
709 2153 836 2242 gurgite
849 2152 1028 2244 lympham.

280 2260 421 2348 Jamque
434 2259 495 2324 sub
507 2255 691 2324 extremum
705 2261 812 2326 noctis
825 2259 1028 2348 fugientibus
1042 2261 1168 2327 umbris

236 2409 308 2464 liunt,
323 2411 413 2456 uocant
427 2415 477 2458 Pur.
495 2420 554 2467 stet,
569 2412 607 2458 vel
618 2427 672 2460 mox
683 2420 706 2458 et
720 2417 794 2478 majus
807 2415 829 2458 si
842 2413 951 2458 scandam
962 2413 1047 2473 corrig.
1060 2413 1088 2457 ΙΙ.
1102 2413 1180 2458 Heius.
1193 2413 1284 2458 teclam.

238 2481 330 2537 belen,
342 2483 396 2543 quia
412 2484 508 2529 mutatio
527 2482 651 2528 modorum
669 2483 753 2543 passim
770 2485 799 2528 sit
811 2482 887 2530 obvia.
900 2508 931 2518 -
948 2481 985 2544 73.
1004 2491 1104 2538 nosnos,
1122 2496 1169 2528 nou
1184 2490 1285 2528 nostros.

237 2552 285 2598 Col.
303 2565 326 2598 et
337 2554 363 2598 ΙΙ.
384 2567 404 2598 a.
417 2578 448 2588 -
458 2555 495 2614 74.
502 2553 560 2617 fuso
573 2553 609 2599 ed.
621 2555 693 2600 Paris.
708 2552 818 2610 Colinaei,
832 2569 912 2599 errore
925 2564 1033 2614 typogr.‚
1046 2567 1117 2615 quern
1129 2554 1157 2598 D.
1172 2553 1251 2598 uene.
1265 2565 1285 2596 et

237 2627 323 2688 Dausq.
335 2624 434 2672 fideliter
445 2625 597 2686 descripsere.
610 2650 641 2661 -
653 2623 690 2688 78.
708 2641 766 2671 nova
780 2641 834 2670 num
849 2625 932 2686 corrig.
953 2625 981 2670 N.
999 2626 1078 2670 lleius.
1091 2627 1147 2671 eitra
1159 2627 1284 2672 necentu-

237 2707 291 2740 rem.
302 2694 370 2746 Cous.
383 2711 406 2740 v.
422 2711 465 2757 72,
478 2694 536 2752 806,
547 2708 570 2741 et
581 2711 641 2758 quos
654 2694 724 2742 nrak.
737 2695 816 2744 laudm
827 2695 933 2740 Perizon.
947 2695 1007 2740 Diu.
1019 2693 1047 2740 de
1058 2695 1117 2740 Dici.
1130 2695 1192 2740 Cret.
1204 2692 1227 2758 S.
1240 2693 1286 2750 4ο,

237 2779 260 2813 et
273 2767 344 2814 Bentl.
357 2768 387 2814 ad
396 2769 453 2813 Hor.
466 2771 538 2814 Senn.
549 2769 584 2823 ΙΙ,
594 2781 634 2824 nr,
649 2769 691 2814 166
701 2783 707 2821 ;
719 2767 780 2814 vobis
790 2770 816 2813 ll.
830 2783 851 2812 n.
862 2793 893 2803 -
902 2765 940 2814 86.
951 2768 1075 2812 certamine
1086 2766 1136 2812 Col.
1148 2769 1199 2812 Pul.
1210 2767 1285 2813 Parni.

239 2836 360 2899 Vulgarum
369 2841 492 2884 certamina
500 2839 600 2885 servarit
610 2838 691 2884 Lelcb.
702 2840 772 2884 Rectc
782 2840 874 2900 opinor.
884 2861 916 2874 -·-
925 2835 1110 2901 suspensius
1119 2837 1188 2898 prisci
1198 2848 1287 2884 unium

237 2921 284 2952 non
296 2922 376 2954 omnes
385 2926 391 2964 ς
401 2923 445 2953 nec
457 2923 517 2969 opus
529 2920 563 2953 tot
575 2907 701 2970 exemplis,
714 2921 773 2970 quot
785 2909 897 2968 congessit
910 2907 980 2976 Drali.
988 2905 1131 2971 fulgentibus
1142 2908 1169 2952 ll.
1180 2905 1207 2962 3,
1218 2918 1242 2951 ct
1250 2905 1288 2951 alii

160 3045 164 3056 ·
238 3023 328 3094 glimo.
339 3025 375 3076 cf.
384 3027 410 3090 1,
421 3025 486 3094 273,
496 3025 538 3076 vel
546 3023 736 3097 Alpibusuid.
783 3023 869 3076 modis
882 3037 1026 3076 exornatur
1038 3041 1112 3074 more
1126 3021 1234 3073 Silii.—
1244 3019 1288 3072 85.

237 3103 286 3169 ΙΙΙ,
296 3103 510 3173 ipo-celsius,
525 3117 677 3176 expugnatu
689 3103 739 3154 dif-
783 3107 857 3178 ripis,
872 3108 941 3158 inter
953 3106 1036 3176 ripas.
1052 3134 1084 3143 —
1099 3103 1185 3166 mitis,
1202 3102 1287 3166 lenis,

238 3180 345 3245 lioilius,
355 3194 418 3248 stat,
431 3197 523 3235 est-
532 3201 574 3253 7²·
587 3181 665 3235 colles
677 3200 739 3233 con·
783 3183 890 3255 placide
914 3201 1046 3247 manans,
1068 3193 1098 3233 ut
1118 3183 1194 3245 vlu,
1217 3179 1267 3248 537
1280 3200 1287 3240 ;

239 3264 339 3314 temtitn
349 3263 414 3316 dicit
425 3265 515 3334 Alpes.
528 3295 564 3304 -
577 3265 619 3334 73.
630 3263 674 3315 det
683 3264 739 3314 ina·
782 3265 843 3316 XVI
849 3302 857 3330 ,
874 3265 941 3332 642,
958 3276 984 3316 et
1000 3281 1044 3333 ap.
1056 3263 1129 3332 Virg.
1144 3261 1201 3311 AEn.
1214 3261 1288 3320 Vlll,

239 3341 287 3392 nin'
297 3342 394 3412 fnmoe,
413 3363 495 3397 ranas
513 3363 555 3398 res
573 3363 588 3396 a
603 3361 631 3396 se
649 3356 752 3415 gestas·
784 3343 826 3396 88.
839 3371 875 3382 -
887 3343 929 3396 86.
952 3344 1048 3393 &ritus
1062 3340 1149 3414 arguti
1163 3336 1288 3390 dicuntur

239 3421 362 3473 laudibus
371 3424 467 3476 efferat
478 3437 504 3476 et
514 3423 646 3490 celebret,
657 3421 737 3473 Drak.
784 3423 919 3475 uolucrum
928 3421 1081 3484 certamine,
1088 3419 1116 3470 li.
1124 3437 1147 3470 e.
1157 3420 1287 3482 certatim,

239 3503 285 3570 qui
308 3502 413 3554 confert
430 3504 492 3568 vn,
515 3521 579 3574 ²¹73
600 3504 651 3569 xl,
676 3502 737 3568 ι4ο;
783 3501 825 3555 vel
834 3521 932 3574 magno
941 3501 1233 3553 concentucanentium
1242 3517 1288 3550 vo-

239 3581 311 3647 XVl,
322 3583 371 3650 44,
385 3596 411 3634 et
421 3597 526 3650 monet,
539 3583 593 3636 alio
606 3599 686 3635 sensu
701 3581 739 3632 ita
783 3583 903 3635 lucrum:
918 3599 972 3654 quo
983 3598 1062 3632 seusu
1071 3597 1149 3632 voces
1159 3593 1287 3652 agmone!

151 3657 155 3676 ¹
239 3659 335 3714 dixisse
345 3665 409 3714 Hor.
422 3664 475 3716 Sat.
484 3667 521 3728 ll,
532 3681 561 3729 a,
571 3663 620 3730 95,
631 3660 738 3714 ubirid.
785 3672 914 3716 certamen
933 3681 948 3714 a
964 3663 1052 3733 poetis
1065 3661 1205 3731 usurpari,
1223 3673 1287 3711 noto

241 3741 322 3794 llentl.
334 3767 369 3782 .,
382 3741 415 3810 75
428 3761 469 3813 sq.
487 3743 548 3793 llaec
564 3743 640 3796 lrrrb'r
655 3741 736 3792 dicta.
782 3761 824 3794 res
840 3755 892 3804 ειη
910 3745 973 3794 Ern.
991 3742 1157 3807 Praestiterit,
1173 3741 1286 3811 opinor,

239 3837 324 3891 —77.
345 3822 385 3873 Cf.
406 3820 440 3872 ad
461 3823 498 3885 ll,
516 3820 575 3890 574.
591 3850 628 3860 -
645 3821 678 3889 78
697 3839 737 3891 sq.
782 3821 890 3894 vulgata
901 3821 982 3874 lectio
995 3820 1108 3894 Argutos
1121 3821 1199 3885 inter,
1210 3817 1286 3871 volu·

239 3899 345 3953 Liviana
353 3901 435 3953 rerba
444 3921 466 3954 c.
477 3903 520 3969 41,
528 3901 738 3972 Experirijunat,
782 3921 854 3954 crum
864 3902 1022 3967 certamina,
1033 3913 1137 3964 canms,
1151 3913 1181 3951 ut
1195 3909 1285 3951 cantus

239 3974 342 4045 tetrum,
353 3993 404 4032 etc.
782 4001 831 4052 per
853 3981 1049 4052 adpositionem
1068 3980 1193 4032 dicautur
1211 3977 1286 4030 uoln-

264 4059 737 4130 81.ArnplilicaritnarrationemLiv.
783 4081 858 4113 crum
868 4063 1023 4127 certamina,
1037 4073 1168 4132 quatenus
1182 4058 1221 4110 has
1231 4077 1288 4109 oer-

241 4140 314 4203 xxi,
329 4139 363 4206 45
376 4158 430 4211 sq.,
443 4153 469 4192 et
481 4139 571 4212 Polyb.
587 4140 637 4204 ΙΙΙ,
648 4137 692 4190 65.
705 4167 739 4180 -
784 4145 858 4193 tatim
878 4153 984 4193 conant.
998 4171 1032 4181 -
1045 4141 1088 4210 87.
1108 4136 1284 4206 Somnifemm

240 4221 301 4270 lla...
312 4220 356 4288 84.
366 4223 447 4273 Notio
458 4239 533 4294 aquae
542 4218 650 4293 liquide
659 4221 739 4272 variis
785 4218 894 4288 lucenti,
909 4233 1020 4294 propter
1038 4233 1144 4272 cantum
1159 4217 1246 4268 avium
1259 4231 1285 4267 rt
