2960 4666
475 417 786 485 PUNICOllUM
807 420 900 484 LlB.
924 419 988 486 Xl.
1186 417 1249 498 645

213 563 396 628 Ausonium
407 562 516 628 laxare
523 563 658 654 jugum:
672 563 828 652 patefecit
840 567 960 630 amicas
974 565 989 620 ἶ

213 668 287 734 Alta
298 672 422 736 Croton
434 688 559 759 portas,
573 671 726 761 Afrisque
737 671 780 735 ad
791 670 929 736 barbara
937 673 1027 761 jussa

213 772 439 863 Thespiadum
452 775 565 843 docuit
577 776 770 844 submittere
782 776 866 841 colla
879 793 1026 864 nepoteS.

214 878 309 944 Idem
322 881 419 947 etiam
431 884 553 948 Locros
565 881 682 947 hebuit
692 885 786 948 furor
799 907 806 944 :
820 903 878 946 ora
889 879 1004 947 vadosi

214 977 349 1063 Litoris,
362 987 498 1074 Argivos
510 986 616 1078 major
628 1011 693 1078 qua
705 988 830 1054 Graecia
842 1010 955 1052 muros

214 1089 342 1171 Servat,
356 1109 389 1157 et
402 1093 495 1159 lonio
507 1092 611 1158 luitur
622 1111 755 1159 curvata
767 1091 951 1182 profundo,
968 1169 971 1174 Ι

215 1195 320 1262 Laetas
332 1219 385 1262 res
398 1197 509 1288 Libyae
522 1215 556 1263 et
568 1198 732 1263 fortunam
747 1221 766 1263 e
778 1222 871 1264 more
884 1213 1038 1288 sequuta,

215 1303 343 1368 durarit
354 1307 503 1394 pavitans
515 1307 617 1396 Tyrio
630 1330 687 1372 sua
699 1307 811 1395 praelia
823 1308 933 1372 Marti.

215 1409 290 1474 lam
300 1410 544 1492 vero,Eridani
555 1411 796 1480 tumidissimus
807 1409 937 1493 adcola,
951 1412 1051 1479 Celtae
1235 1426 1262 1472 ιδ

217 1513 404 1581 Incubuere
415 1517 507 1584 melis
520 1518 654 1596 italum,
667 1535 865 1610 veteresque
878 1517 1002 1585 doloris

216 1621 300 1686 Tota
312 1643 347 1686 se
360 1623 466 1688 socios
478 1640 700 1712 properarunt
706 1624 848 1717 jungere
860 1624 959 1690 mole.

261 1725 324 1793 Sed
337 1727 385 1793 fas
397 1726 432 1792 id
445 1727 560 1808 Celtis,
573 1730 620 1794 tas
632 1730 721 1820 inpia
734 1729 822 1795 bella
833 1730 959 1794 referre

252 1901 288 1932 ιι.
309 1885 393 1933 lavim
413 1889 444 1947 (e
460 1903 512 1934 roc.
531 1885 606 1936 lovere
623 1905 667 1952 pro
682 1889 776 1949 tavare)
796 1890 888 1952 conjicit
902 1891 1026 1936 Burmann.
1045 1914 1077 1926 -
1095 1887 1131 1935 23.
1151 1891 1174 1934 ιἰι
1190 1889 1270 1936 Marte.

218 1969 319 2019 quatuor
335 1959 414 2020 scripti
427 1970 450 2006 et
465 1960 546 2022 prisce
561 1961 613 2008 edd.
630 1961 673 2008 sed
688 1964 762 2008 Marti
775 1977 829 2007 mox
844 1963 923 2008 denuo
938 1961 1056 2024 seqnitur,
1075 1964 1098 2006 in
1113 1968 1184 2006 ntorte
1194 1959 1266 2006 Mars.

218 2041 242 2074 et
260 2028 365 2092 plerique
383 2045 437 2076 eum
454 2034 558 2092 sequuti,
577 2047 653 2078 errore
667 2033 734 2080 Baril.
751 2035 839 2095 Deusq.
856 2031 939 2079 Celler.
959 2044 982 2078 et
999 2030 1049 2088 elii;
1071 2047 1160 2077 smore
1175 2031 1267 2078 emend.

217 2099 295 2148 eard.
310 2101 367 2148 cdv.
383 2102 428 2158 ill,
444 2117 479 2148 ιοΙ
492 2127 523 2137 -
538 2103 576 2149 26.
595 2103 679 2150 Italum
693 2119 773 2151 omnes
792 2106 877 2166 scripti.
888 2103 966 2166 Vulgo
981 2107 1074 2160 iterum,
1093 2101 1161 2165 prob.
1177 2104 1267 2166 Dputq.

216 2169 263 2216 Sed
274 2170 373 2218 dunum
383 2173 589 2221 inimicissimum
599 2178 701 2238 gentium
715 2177 808 2222 nomine
820 2174 899 2238 jungi,
916 2174 967 2237 plne
982 2177 1080 2236 energia
1094 2173 1179 2229 hebet,
1189 2173 1268 2235 jndice

219 2241 295 2289 Barth.
309 2243 367 2290 Adr.
385 2245 431 2301 lll,
450 2261 490 2301 ιο,
504 2256 635 2312 veteresque
646 2247 730 2295 doloris
741 2245 831 2294 Puteol.
845 2259 868 2294 et
883 2245 941 2294 Tell.
956 2255 1086 2311 veteresque
1097 2243 1185 2292 dolores
1198 2247 1225 2291 ll.
1244 2261 1268 2300 ι,

217 2312 282 2359 Med.
295 2313 324 2360 al.
334 2313 411 2378 Vulgo
422 2319 547 2381 veterisque
557 2315 648 2364 doloris,
661 2343 692 2354 -
704 2319 741 2366 28.
748 2318 791 2381 sas
801 2320 831 2362 sit
844 2319 871 2362 ll.
889 2333 913 2372 ι,
929 2315 1003 2362 Parin.
1016 2314 1112 2362 Mediol.
1126 2315 1191 2362 ldem
1205 2313 1268 2374 conj.

219 2448 381 2519 inpositum,
402 2464 544 2504 excuteret.
559 2481 595 2490 -
613 2452 643 2505 18
663 2470 719 2522 seq.
764 2452 793 2502 in
812 2467 860 2502 ore
881 2449 950 2501 Ionii
969 2449 1063 2516 meris,
1080 2447 1161 2519 Tyrio
1175 2446 1267 2512 marti,

221 2529 315 2581 Croton
325 2528 388 2580 Atta
399 2528 511 2598 dicitur,
523 2544 634 2602 propter
646 2549 720 2582 mon·
765 2529 865 2592 Poenis,
870 2530 1053 2599 juraruntsua
1060 2524 1168 2596 prelia,
1180 2541 1208 2576 se
1217 2541 1268 2596 pro

220 2619 276 2669 tes,
297 2612 452 2680 Letymnurn
473 2621 500 2660 et
518 2609 664 2682 Physeum,
686 2609 720 2662 de
765 2609 797 2660 iis
807 2624 882 2659 erma
891 2619 1018 2678 capturos
1031 2623 1103 2673 esse,
1113 2604 1164 2656 illie
1177 2621 1266 2656 secre-

221 2684 318 2756 quibue
332 2705 356 2737 v.
373 2685 462 2740 Schol.
478 2686 513 2738 ad
524 2687 658 2740 Theocrit.
671 2689 721 2755 Ν,
765 2699 885 2740 mentum
893 2685 998 2751 dixere,
1010 2684 1044 2736 ed
1060 2704 1105 2738 eos
1120 2682 1265 2737 descivere.

224 2779 269 2833 19,
283 2763 330 2830 23,
342 2765 385 2816 vel
397 2767 487 2836 potius
499 2776 610 2836 propter
621 2784 721 2830 arcem,
765 2794 801 2807 -
815 2765 915 2818 Groecia
932 2767 1032 2835 major,
1056 2763 1084 2815 h.
1107 2781 1130 2815 e.
1153 2779 1267 2834 magne,

221 2843 254 2897 de
272 2863 325 2916 que
343 2865 368 2897 v.
383 2845 439 2896 Liv.
457 2847 551 2914 XXIV,
564 2846 723 2900 3.—Tl=es-
768 2863 822 2916 quo
847 2845 955 2898 nomine
981 2843 1096 2894 maxime
1119 2841 1208 2893 dictus
1231 2853 1271 2892 est

220 2925 319 2994 piade,
337 2925 598 2979 HerculiseThestii
617 2929 639 2978 L
655 2925 723 2978 lilia·
767 2936 868 2977 tractes
889 2941 942 2974 orte
960 2923 1098 2974 maritime
1119 2939 1135 2973 a
1153 2921 1270 2972 Tarento

221 3001 273 3056 bus
292 3003 352 3070 lilii,
369 3021 515 3076 eorumque
527 3009 642 3076 posteri,
655 3021 724 3077 quo-
767 3021 853 3074 osqus
872 3002 908 3055 sd
925 3003 1073 3054 Locrorum
1091 2999 1168 3052 sedes
1189 3001 1272 3070 perti-

222 3103 281 3136 rum
295 3101 359 3154 pars
375 3085 402 3135 in
417 3085 536 3136 Beotiam
549 3087 645 3152 misse,
659 3104 722 3157 purs
766 3101 850 3151 neus,
866 3083 894 3134 in
912 3099 966 3152 quo
981 3080 1102 3152 plurime
1118 3079 1271 3131 Grecorurn

222 3162 290 3215 duce
302 3163 377 3216 loleo
389 3165 417 3215 in
428 3163 592 3232 Sardiniam,
606 3165 678 3218 unde
694 3167 722 3218 in
768 3162 879 3215 colonie
889 3163 1015 3222 luerunt3
1026 3161 1139 3212 Ernesti.
1148 3187 1184 3198 -
1192 3157 1275 3210 luitur

222 3242 326 3294 ltaliam
338 3256 482 3309 venerunt,
495 3233 522 3296 e't
533 3263 601 3298 unus
614 3263 722 3308 eornm,
767 3261 818 3313 pro
835 3239 906 3312 vulg.
926 3237 1052 3292 adluitur.
1065 3257 1126 3288 -e
1140 3255 1224 3302 more,
1242 3248 1273 3287 nt

222 3322 370 3394 Myscelus,
378 3325 455 3393 jussu
467 3324 598 3391 Herculis,
609 3343 641 3378 eo
650 3325 723 3393 loco,
767 3321 825 3374 lieri
837 3320 916 3379 tolet;
927 3317 1017 3372 Barth.
1028 3330 1055 3370 et
1064 3319 1096 3369 N.
1107 3317 1197 3369 Heius.
1209 3314 1272 3366 coll,
1348 3309 1350 3316 ’

224 3420 278 3472 quo
290 3403 313 3454 is
325 3403 478 3468 Crotonem,
490 3402 622 3475 hospitem
635 3423 723 3470 suum,
768 3420 794 3452 v.
816 3402 841 3454 3.
867 3400 954 3451 Possis
976 3399 1057 3450 etiarn
1080 3396 1271 3468 interpretari:

223 3483 330 3534 incaute
343 3501 360 3534 e
371 3499 399 3535 se
412 3485 544 3550 occisum,
556 3483 724 3555 sepeliverat,
764 3480 906 3552 fortunam
916 3495 991 3530 susm
1001 3493 1096 3528 emoto
1103 3513 1112 3541 ,
1124 3494 1199 3528 more
1209 3492 1274 3538 too,

224 3559 338 3630 inhujus
346 3563 503 3614 memoriam
510 3563 655 3616 Crotonem
662 3582 726 3614 con·
770 3575 799 3613 ut
813 3560 952 3626 solebant,
964 3569 1057 3612 semota.

225 3637 387 3703 didit3unde
395 3639 562 3694 Crotoniates
570 3640 597 3693 lt.
606 3641 624 3693 l.
633 3643 724 3714 Thesp.
807 3638 850 3693 25.
865 3639 957 3707 Celtoe,
968 3651 999 3690 ut
1010 3657 1072 3690 mox
1083 3637 1143 3689 Boii
1155 3649 1182 3689 et
1193 3638 1275 3690 Seno·

225 3728 328 3788 nepotes
338 3716 473 3772 dicuntur.
485 3719 565 3772 Coos.
574 3718 652 3772 ovid.
662 3719 725 3770 Met.
772 3741 829 3782 nes,
848 3719 919 3773 Gelli
937 3719 1076 3791 Cisalpini.
1089 3749 1123 3758 —
1137 3719 1178 3770 26.
1192 3719 1274 3772 Incu-

225 3796 727 3870 XV,12...60;strab.vt,p.252⁸q.;
774 3801 850 3851 luere
871 3797 965 3864 malis,
988 3815 1020 3851 ee
1042 3797 1230 3852 adcelereruut
1250 3809 1278 3849 et

225 3875 338 3929 Diodor.
354 3878 399 3943 Ν,
416 3895 464 3947 29;
480 3879 514 3944 V,
528 3877 575 3939 15;
589 3879 679 3950 lleyne
694 3877 729 3928 ad
775 3891 913 3931 auxerunt.
927 3879 969 3931 cf.
981 3877 1016 3930 ad
1028 3878 1073 3942 Ν,
1087 3877 1147 3949 731.
1160 3907 1196 3916 -
1208 3887 1277 3928 oete-

227 3955 387 4028 Apollodor.
399 3977 426 4028 p.
438 3957 486 4011 331
502 3973 559 4028 ιφ,
575 3956 626 4026 467
639 3970 667 4008 et
677 3955 730 4025 486
776 3976 813 4012 res
822 3957 931 4023 dolosis,
943 3969 1032 4010 vetere
1045 3959 1099 4022 ire,
1113 3955 1176 4008 odio
1186 3968 1214 4007 et
1227 3954 1279 4006 do-

230 4053 270 4106 sq.
279 4035 395 4108 -Afris
403 4037 549 4090 submittere
559 4033 628 4088 colla
635 4058 645 4098 ,·
658 4037 731 4088 conl.
778 4037 836 4090 lore
848 4038 954 4109 perciti.
967 4036 1028 4089 Vid.
1040 4036 1075 4089 erl
1086 4037 1136 4100 IV,
1148 4033 1207 4087 530.

232 4113 266 4165 ad
280 4116 332 4182 Vl,
349 4117 410 4184 414.
427 4145 463 4157 -
483 4133 516 4169 ιο
536 4133 595 4187 sqq.
615 4115 732 4168 Coloniae
814 4118 847 4170 28
867 4135 924 4189 seq.
943 4119 1006 4170 Haec
1025 4115 1146 4168 delectio
1159 4116 1186 4164 in
1199 4111 1281 4164 Celtis

231 4210 336 4265 grece,
348 4196 429 4249 modo
443 4208 596 4250 memorate
616 4209 643 4249 et
661 4195 734 4262 elie,
779 4199 849 4250 forte
860 4194 1029 4260 excusanda,
1043 4207 1180 4265 tamquam
1192 4193 1220 4243 ιιι
1232 4207 1283 4260 pe·
