3054 4666
516 463 824 532 PUNIGORUM
847 469 939 534 mn.
963 471 1024 536 vr.
1223 463 1285 552 345

256 585 333 641 simul
345 607 423 646 sensu
437 597 609 654 imbuendum
621 605 747 674 majorem
792 621 965 662 norumcerte
974 610 1104 664 lectorum
1112 609 1287 680 auimospre·

256 666 307 718 vim
323 667 442 728 baberet.
460 678 576 733 Omnino
592 697 680 736 eutem
696 684 748 736 boo
793 683 863 739 clara
879 686 936 740 hac
952 690 1108 760 antiquioris
1124 688 1286 760 discipline,

255 751 358 820 egregie
380 765 407 805 et
427 773 588 812 summorum
608 775 747 833 poetarum
792 768 1285 841 virtutismorumqueseveritatisima·

255 830 375 900 exemplo
388 833 416 885 lit
429 854 460 888 ac
472 857 559 906 more,
571 854 600 892 ut
611 845 748 914 aptissima
791 863 825 916 go
841 863 944 899 summa
959 850 984 900 vi
1002 851 1161 920 percusserit
1177 865 1286 901 necesse

255 922 364 963 ornatus
375 919 499 984 materia,
510 939 563 993 qua
573 935 600 975 et
609 925 694 976 oratio
704 943 748 976 va·
792 941 838 979 est.
851 931 972 982 Ceterum
989 931 1060 1003 quod
1072 933 1163 996 Maro,
1179 932 1225 1002 qui
1235 931 1286 982 tte-

254 987 317 1038 riari
330 1003 355 1042 et
367 991 473 1050 lectoris
485 1001 587 1054 animus
596 1020 650 1054 non
661 1004 746 1055 minus
791 1007 845 1080 guli
858 1009 931 1062 miles
942 1013 1044 1078 luerat,
1056 1013 1187 1066 narrantis
1197 1023 1286 1082 partes

254 1061 380 1122 delectari
390 1091 469 1144 quam
478 1082 578 1133 moveri
589 1085 686 1153 possit,
693 1101 747 1135 mu·
791 1085 938 1160 adsignavit
947 1091 1039 1154 Silius,
1049 1093 1075 1144 in
1086 1111 1118 1144 eo
1129 1102 1286 1144 consecutus

254 1145 331 1202 nibus
347 1169 399 1205 non
412 1155 567 1212 dimittatur.
579 1162 681 1215 Deinde
694 1162 746 1215 boo
791 1181 830 1220 est
841 1167 893 1221 bno
905 1172 1054 1240 commodi,
1064 1185 1093 1225 ut
1103 1185 1157 1224 tota
1169 1173 1287 1226 narratio

253 1228 402 1296 episodium
422 1255 471 1307 per
491 1257 519 1291 se
543 1241 650 1312 quidem
671 1263 687 1297 a
709 1245 748 1296 rei
792 1261 818 1300 et
832 1252 960 1320 majorem
974 1252 1083 1305 baberet
1098 1251 1189 1318 fldem,
1206 1268 1287 1323 quum

255 1321 357 1396 'fnum
368 1311 483 1368 “lienum
499 1331 550 1382 ⁰⁸¹3
563 1320 608 1372 ⁵011
619 1320 746 1374 exhltto·
791 1345 833 1380 res
847 1329 881 1382 ab
900 1349 948 1398 oo,
968 1333 1014 1404 qui
1030 1333 1087 1405 ipse
1103 1333 1135 1384 iis
1152 1331 1288 1396 interfuit,

254 1401 293 1436 ssa
311 1399 398 1442 umen
419 1395 514 1466 prioris
534 1399 598 1451 belli
615 1403 744 1471 potitum:
790 1424 972 1480 exponantur,
986 1425 1012 1464 et
1024 1414 1107 1484 magis
1121 1413 1200 1464 etiam
1212 1427 1288 1464 exor-

254 1480 332 1533 quam
349 1487 431 1540 quum
446 1476 474 1526 in
491 1496 597 1532 carmon
613 1498 689 1533 suum
706 1484 747 1534 in·
790 1489 849 1539 nari
860 1501 939 1559 atque
949 1489 1105 1561 amplificari
1113 1490 1287 1562 posset,quia

251 1541 321 1598 ferre
342 1550 414 1620 apud
433 1555 549 1608 animum
567 1561 746 1614 constituisset
790 1579 865 1620 tenes
875 1569 903 1620 iu
915 1570 969 1621 suis
979 1571 1161 1642 potissimum,
1171 1569 1211 1622 vel
1225 1569 1289 1622 ami·

251 1637 344 1692 poeta,
363 1628 442 1684 facile
460 1633 601 1705 phantasia
620 1642 675 1709 ejus
691 1659 746 1694 ma·
790 1663 882 1698 corum
894 1648 956 1700 latis
972 1650 1103 1720 lactisque
1118 1645 1287 1702 recensendis

251 1703 308 1794 ³⁰5³
328 1704 399 1761 hisce
418 1712 593 1786 imaginibus,
611 1737 668 1788 quar
684 1734 745 1773 ante
790 1725 916 1798 loquaces
937 1747 994 1782 esse
1015 1729 1115 1796 solent,
1138 1729 1224 1803 quod,
1245 1728 1288 1781 vel

250 1799 365 1838 immun
378 1794 596 1863 obversabantur,
607 1813 659 1852 tam
669 1802 744 1852 forti·
787 1807 906 1860 Nestoris
923 1809 1043 1882 exemplo
1056 1811 1226 1883 intelligitur,
1239 1829 1287 1862 cu·

250 1871 290 1912 ter
300 1863 374 1920 feriri
386 1883 412 1922 ot
422 1883 474 1924 tam
483 1874 570 1930 vivide
580 1877 659 1930 adlici
670 1892 744 1950 pote·
784 1887 827 1955 jus
848 1890 1003 1942 memoriam
1016 1892 1106 1942 animo
1134 1904 1220 1962 poeta
1238 1889 1287 1940 ob·

248 1952 302 2008 ’Ἢν
320 1959 349 1997 ut
359 1949 441 2018 paulo
457 1951 557 2008 diutius
572 1958 604 2010 iis
622 1957 742 2032 indulge·
785 1979 918 2018 versatam
928 1985 985 2020 esse
995 1987 1048 2020 non
1060 1969 1222 2040 inprobabili
1232 1969 1287 2020 lor·

248 2035 301 2111 ‘5¹2
314 2036 340 2076 0⁸
351 2025 469 2100 ¹⁰figitis,
482 2051 559 2104 quam
572 2055 622 2108 par
638 2052 708 2102 erat,
726 2058 743 2092 a
787 2047 924 2117 sejudicio
937 2051 1069 2120 suspicari
1082 2051 1177 2121 possis.

248 2117 291 2152 vra
300 2101 458 2162 deflecteret.
469 2114 597 2168 Prosterea
606 2135 659 2169 non
670 2137 741 2170 corn·
820 2125 872 2179 sed
884 2129 941 2195 jam
959 2127 1061 2181 dudum
1076 2128 1161 2181 videri
1176 2145 1284 2200 possum

247 2182 361 2238 modiori
378 2191 500 2257 profante
519 2206 638 2266 tempore
653 2197 687 2249 ab
699 2217 741 2249 ur·
785 2223 868 2276 opera
884 2207 958 2260 inani
969 2209 997 2259 in
1014 2205 1184 2262 defendendo
1198 2219 1283 2279 poetar

246 2278 370 2331 d⁰³²⁶⁰²⁰
384 2271 510 2337 Pflmffl'lo
522 2275 560 2326 lla
570 2275 741 2346 quodammo·
785 2283 906 2355 episodio
917 2285 1059 2339 defunctus
1069 2305 1141 2355 esse,
1153 2287 1284 2358 siquidem

246 2339 281 2394 do
290 2345 422 2417 aberrare,
430 2363 456 2404 et
464 2371 552 2406 rerum
559 2358 684 2410 varietate
692 2359 741 2411 lec·
785 2362 896 2417 dimidiu
907 2367 964 2433 ejus
978 2383 1054 2436 pars,
1068 2385 1120 2418 av.
1134 2367 1199 2433 346,
1215 2365 1283 2434 551,

245 2433 315 2475 tores
325 2425 436 2482 delinire
443 2445 561 2502 poterat,
570 2453 650 2507 quam
658 2454 740 2508 quum
785 2445 963 2496 commentitia
974 2458 1015 2498 ost
1023 2445 1116 2498 fabula
1123 2485 1131 2512 ‚
1139 2449 1165 2498 in
1176 2464 1229 2518 qua
1237 2448 1285 2498 ita·

245 2515 298 2554 tres
313 2505 368 2574 jam
386 2510 544 2582 insigniores
559 2515 739 2568 Romanorum
785 2541 837 2594 que
849 2535 988 2594 tantopere
1001 2525 1120 2578 ornanda
1132 2527 1230 2596 ingenii
1243 2527 1282 2579 vi-

244 2581 333 2636 olades
355 2605 544 2659 memorasset,
564 2607 591 2646 et
612 2613 665 2646 non
689 2598 740 2649 uisi
784 2620 826 2654 res
838 2605 937 2656 frustra
947 2607 1124 2658 consumsisse
1133 2606 1280 2659 censendus

244 2679 339 2731 quarta
361 2685 528 2740 superesset;
551 2690 592 2726 res
615 2693 677 2727 vero
702 2676 736 2728 ab
782 2684 823 2734 sit.
841 2683 921 2752 Quod
938 2686 960 2736 si
977 2703 1068 2738 verum
1083 2697 1136 2754 est,
1155 2701 1279 2738 nontam

242 2742 390 2801 Hannibale
417 2750 499 2822 paulo
529 2767 590 2808 ante
620 2773 735 2830 pugnum
781 2761 859 2816 Silius
871 2765 1213 2836 peccassevidetur,quam
1223 2783 1280 2817 ma·

241 2821 406 2882 Cannensem
418 2832 496 2884 variis
508 2835 589 2888 ltalia
600 2836 666 2889 locis
678 2856 737 2909 ges·
780 2861 847 2914 gnus
867 2842 911 2896 ille
929 2843 1117 2898 historicorum
1137 2863 1279 2910 numanis,

241 2915 274 2954 tre
293 2907 400 2960 minoris
417 2911 473 2963 lere
489 2917 616 2968 momenti
631 2930 734 2984 essent,
781 2940 895 2993 quorum
907 2926 1093 2978 auctoritatum
1105 2937 1212 2978 secutus
1227 2936 1276 2976 est.

240 2987 502 3057 nonsatispoetioum
510 3007 633 3048 ornatnsn
641 2995 735 3048 admit·
778 3001 976 3054 Meminerimus
987 3021 1109 3075 qnoque,
1120 3021 1168 3055 nos
1178 3005 1204 3054 in
1215 3021 1277 3074 poe·

240 3076 333 3118 terent.
349 3069 494 3144 llisitaque
505 3075 610 3126 silentio
624 3095 734 3147 prorsus
778 3093 807 3133 ta
821 3079 935 3153 legendo
953 3085 1067 3148 temari,
1083 3085 1141 3148 oni,
1157 3085 1185 3134 iu
1201 3083 1276 3134 fames

238 3149 433 3217 pretermissis,
444 3169 500 3204 rem
511 3152 734 3228 locumque,epi·
778 3160 990 3232 narrationisque
1012 3160 1166 3214 diversitate
1184 3173 1210 3213 et
1228 3160 1276 3213 do-

238 3242 269 3276 oa
277 3233 433 3284 tractatione
440 3231 597 3306 digniorem,
608 3235 734 3309 adripuit,
777 3241 864 3306 lectu,
879 3259 933 3292 non
948 3243 1036 3293 minor
1049 3243 1105 3294 fere
1117 3241 1275 3294 delectatio·

238 3321 279 3376 et,
300 3329 333 3362 ne
351 3309 489 3364 fastidium
507 3328 625 3368 moveret
646 3319 732 3369 conti·
776 3323 817 3372 nis
838 3333 1001 3391 ornatusque
1024 3319 1116 3373 idonei
1136 3321 1204 3375 ratio
1225 3320 1274 3373 ha·

238 3404 317 3444 nuata
333 3392 485 3464 praeliorum
497 3397 629 3463 narratio,
646 3395 731 3449 bisto-
776 3399 864 3452 benda
878 3410 933 3464 est,
951 3417 1033 3472 qnam
1050 3417 1159 3452 summa·
1176 3403 1273 3454 verita·
1340 3460 1346 3468 ,

235 3473 276 3524 ria
298 3473 348 3526 hac
371 3476 481 3527 carmini
502 3477 602 3528 inserta
621 3487 648 3528 et
670 3495 731 3529 cnm
776 3483 822 3545 tis,
835 3481 869 3534 ad
880 3499 958 3552 quam
969 3481 1070 3554 singula
1082 3481 1271 3553 exigat,mod0

235 3553 293 3622 ipso
317 3568 471 3627 argumento
494 3558 629 3628 ingeniose
652 3575 730 3630 coug-
773 3579 807 3613 ne.
820 3579 865 3628 ea,
879 3579 937 3632 que
948 3561 1107 3628 narrat,vel
1125 3561 1206 3615 alide
1222 3561 1270 3616 ab·

234 3646 351 3686 mentata
371 3637 525 3688 varietatem
546 3649 661 3690 sectatus
680 3651 727 3690 est.
773 3639 918 3704 horreant,
933 3638 975 3692 vel
991 3639 1096 3694 infirma
1113 3643 1269 3694 auctoritate

233 3711 353 3786 Denique
370 3716 472 3768 animus
488 3727 588 3786 poetae,
603 3715 728 3770 delinitus
773 3724 899 3774 nitantur.
913 3720 1043 3773 Neutrum
1054 3739 1118 3774 vern
1131 3739 1269 3793 argumen-

233 3793 390 3846 rnuerandis
402 3795 532 3865 ejusmodi
544 3797 635 3866 prison
647 3798 729 3850 virtu·
772 3814 813 3867 tn,
825 3801 912 3853 nviris
924 3799 1010 3854 doctis
1023 3799 1125 3868 adlata,
1138 3801 1203 3853 mihi
1213 3803 1269 3873 qni·

232 3871 264 3922 tis
288 3873 449 3945 imaginibus
474 3887 555 3946 etqua
582 3874 728 3947 exemplis,
771 3879 831 3932 dem
859 3893 1055 3951 persuaserunt.
1083 3881 1146 3932 lloeo
1172 3881 1266 3933 ceteris

231 3964 344 4019 quorum
354 3967 417 4006 etas
427 3972 476 4006 sua
486 3954 565 4024 inops
575 3966 645 4018 erat,
658 3971 727 4026 sape
771 3961 873 4031 preivit
887 3959 1043 4027 Palmarins,
1057 3961 1102 4032 qui
1114 3961 1264 4014 Exercitatt.

231 4029 262 4082 iis
280 4029 379 4084 diuum
394 4033 521 4085 inmorari
535 4033 614 4096 solet;
627 4052 677 4086 neo
688 4037 727 4088 la·
770 4040 797 4091 in
810 4053 931 4092 unctores
943 4039 1027 4093 Graec.
1039 4059 1066 4112 p.
1084 4039 1128 4092 151
1141 4051 1265 4111 sqq.·tnm

228 4108 279 4162 nile
291 4113 355 4177 erit,
371 4114 416 4183 qui
430 4111 459 4166 id
470 4132 537 4186 egre
548 4115 631 4178 ierat,
644 4131 725 4184 quum
770 4136 800 4171 ex
814 4119 882 4171 miro
894 4119 1052 4190 scriptorum
1068 4120 1145 4171 llom.
1162 4117 1264 4169 dissen-

228 4187 369 4246 aihtins
388 4195 471 4264 magis
489 4192 610 4248 delectet.
628 4193 725 4248 Roma·
770 4217 812 4263 su,
824 4217 904 4270 quam
913 4218 944 4252 ex
951 4198 1052 4272 Polybii
1060 4198 1175 4262 silentio,
1183 4209 1208 4248 et
1215 4212 1264 4266 po-
