2970 4680
489 303 800 372 PUNICORUM
823 305 915 370 LIB.
940 302 1002 368 Vl.

226 448 375 526 Pectora,
388 449 533 537 captivos
545 464 655 513 nostra
669 469 807 536 pensare
819 461 959 511 senecta.

228 553 279 618 lte
291 553 385 620 dolos
397 571 524 636 contra;
538 575 684 643 gensque
696 569 768 618 astu
781 553 894 617 fallere
906 555 979 617 laeta

228 659 352 738 Discat,
366 683 419 724 me
431 676 542 746 capto,
556 655 717 748 qubntum
730 658 803 732 tibi,
817 661 935 738 Roma,
948 659 1099 746 supersit.

229 766 297 828 Nec
308 788 388 829 vero
401 765 542 854 placeat,
554 767 618 830 nisi
631 787 705 854 quae
718 765 759 830 de
773 785 864 829 more
876 782 1051 853 parentum

230 874 295 935 Pax
307 871 388 934 erit:
402 887 584 958 exposcunt
595 869 729 960 Libyes,
742 870 905 960 nobisque
919 870 1042 936 dedere

169 1067 174 1076 .
231 978 311 1042 Haec
322 975 515 1059 referenda,
530 977 599 1067 pari
613 976 713 1040 libeat
724 977 751 1041 si
764 977 910 1065 pendere
922 975 1047 1042 bellurn

233 1080 385 1160 Foedere,
400 1100 484 1147 etex
495 1101 591 1171 aequo
604 1083 750 1170 geminus
763 1082 970 1148 conscribere
981 1082 1082 1171 leges.

234 1185 299 1252 Sed
312 1187 392 1252 mibi
406 1189 447 1252 sit
458 1188 585 1278 Stygios
597 1203 673 1252 ante
685 1188 855 1252 intravisse
868 1205 1018 1275 penates,

174 1345 176 1348 .
234 1292 327 1358 Talia
339 1315 438 1382 wem
450 1291 581 1358 videam
594 1292 749 1358 ferientes
762 1309 856 1380 pacta
868 1295 1012 1360 Latinos.
1025 1325 1039 1353 a

284 1427 297 1457 n
309 1401 388 1464 Haec
401 1400 486 1465 fatus
498 1399 606 1489 'l'yriae
619 1420 690 1463 sese
698 1397 767 1487 jam
778 1396 925 1462 reddidit
937 1401 1008 1477 irae;

234 1505 304 1568 Nee
316 1506 461 1570 monitus
473 1519 651 1592 spernente
663 1525 778 1591 graves
791 1503 943 1594 fidosque
955 1507 1090 1585 senatu,

179 1599 182 1604 ¹
237 1609 414 1674 Poenorum
427 1607 560 1701 dimissa
572 1607 706 1690 cohors,
721 1631 794 1697 quae
806 1629 916 1674 maesta
929 1612 1075 1699 repulsa,

235 1721 282 1780 Ac
294 1717 447 1782 minitans
459 1733 571 1804 capto,
584 1715 704 1805 patrias
716 1716 916 1804 properabat
927 1715 967 1782 ad
981 1743 1064 1786 oras.

236 1825 451 1912 Prosequitur
461 1822 579 1910 vulgus
592 1810 717 1901 Patres,
731 1845 769 1887 ac
781 1822 966 1910 planctibus
978 1827 1093 1915 ingens

238 1930 396 1992 Personat
409 1945 442 1993 et
452 1929 543 1993 luctu
556 1947 880 2012 campustrevocare
890 1927 1015 1994 libebat
1234 1947 1279 2013 495

239 2033 425 2114 Interdum,
439 2051 471 2098 et
480 2033 570 2122 justo
582 2045 713 2121 raptum
725 2033 868 2098 retinere
880 2033 1005 2100 dolore.

287 2143 353 2204 eAt
365 2137 507 2227 trepida,
521 2154 555 2202 et
566 2137 675 2204 subito
688 2161 749 2204 ceu
762 2155 849 2203 stans
861 2139 896 2203 in
909 2139 1041 2221 funere,
1054 2145 1174 2237 conjux

240 2245 284 2309 Ut
296 2243 378 2308 vidit
389 2244 493 2333 puppi
504 2259 739 2332 properantem
751 2243 887 2320 intrare,
901 2247 1112 2314 tremendum

238 2417 272 2477 pit
280 2413 362 2460 laefeb.
375 2415 414 2476 qui
424 2426 447 2460 et
457 2413 519 2460 vobis
530 2415 634 2475 reposuit
643 2429 671 2459 ex
683 2412 775 2459 duobus
785 2415 897 2476 antiquie,
908 2419 987 2463 nescio
998 2417 1090 2480 quibua.
1101 2421 1133 2466 Et
1141 2422 1192 2469 Put.
1201 2436 1283 2487 parat,

239 2502 286 2532 nou
294 2495 371 2549 paret,
382 2488 432 2532 Put.
443 2499 467 2532 et
475 2487 550 2532 Parm.
563 2501 643 2549 aspera
656 2483 713 2532 tetta
723 2495 814 2549 pectora
825 2487 929 2534 mainerii
942 2491 968 2534 N.
979 2492 1057 2537 Heius.
1068 2492 1165 2542 frustra:
1176 2497 1222 2542 vid.
1234 2513 1283 2546 not.

239 2555 269 2600 ad
280 2569 302 2600 v.
319 2571 353 2616 ¹9·
364 2581 394 2590 -
405 2555 459 2612 485.
471 2555 562 2616 libyes,
572 2571 621 2601 ‘uon
634 2553 724 2614 Libyci,
736 2554 785 2600 cot.
800 2567 822 2601 et
834 2557 875 2600 Or.
888 2558 934 2603 vid.
946 2558 976 2605 ad
987 2561 1009 2614 Ι,
1025 2558 1074 2622 189.
1084 2587 1115 2598 -
1124 2564 1177 2624 491,
1186 2567 1281 2632 fidoque

240 2624 289 2671 Col.
301 2640 365 2670 more
377 2624 535 2680 librariorum,
550 2627 591 2689 qui
601 2623 702 2687 epitheta
716 2627 821 2687 prorintb
833 2642 884 2673 roc.
897 2628 1081 2676 adcommodant.
1095 2658 1125 2668 -
1138 2634 1191 2695 495.
1207 2640 1240 2685 11„
1255 2655 1282 2686 eg

241 2695 278 2741 ed.
291 2698 372 2742 Benes.
383 2698 485 2758 reposuit
496 2695 576 2742 Iefeb.
590 2708 613 2741 et
621 2697 669 2756 jam
682 2709 735 2743 autc
745 2711 798 2742 eum
808 2713 835 2742 ex
845 2699 930 2761 Dansq.
944 2701 1033 2747 emend.
1045 2702 1100 2750 een.
1114 2717 1136 2750 et
1147 2707 1217 2756 Drak.
1228 2709 1283 2760 Vol.

241 2783 270 2829 po
284 2767 401 2822 Personat,
411 2777 434 2814 et
443 2767 504 2814 luctu
514 2771 598 2832 campis
608 2785 627 2814 r.
640 2767 727 2813 libebat.
737 2793 769 2804 -
778 2768 833 2830 496.
846 2779 937 2831 ruptum
946 2774 1040 2835 quitiam
1049 2773 1112 2832 libri,
1124 2789 1190 2836 tecte,
1204 2794 1226 2827 et
1235 2799 1282 2830 non

241 2839 340 2900 improb.
353 2839 432 2885 Lefeb.
447 2839 491 2885 Sed
502 2842 595 2900 gravior
605 2850 639 2884 eat
651 2839 740 2900 vulgata
752 2839 805 2886 lect.
818 2853 919 2905 raptum,
930 2842 952 2889 h.
967 2861 987 2890 e.
1001 2845 1134 2908 abreptum,
1148 2851 1281 2910 incensum,

242 2907 328 2964 dolore,
341 2911 383 2955 nio
396 2909 459 2955 malis
469 2919 558 2972 raptum
567 2924 581 2955 a
590 2911 665 2954 Poenie
676 2910 706 2956 ad
716 2925 794 2956 navet.
805 2937 834 2947 -
844 2910 897 2973 498.
909 2917 1006 2977 puppa...
1018 2917 1103 2962 intrari-r
1114 2918 1162 2964 Col.
1174 2933 1197 2966 et
1207 2923 1281 2970 Oion.

243 2991 268 3025 ut
277 2979 332 3033 vlt,
345 2977 402 3034 464;
416 2979 458 3034 lx,
476 2979 532 3050 ad93
545 2979 588 3033 xl,
598 2975 659 3039 4735
671 2979 726 3034 ΧΠ,
738 2977 797 3036 435,
810 2980 852 3042 491
862 2999 869 3035 ;
881 2985 946 3040 xltl,
959 2983 1017 3042 Βι4;
1031 2987 1091 3042 xlv,
1105 2987 1161 3044 551,
1175 2994 1239 3053 quod
1251 2997 1279 3038 N,

243 3129 382 3184 extenuat,
392 3131 419 3169 ut
430 3117 508 3169 dolus
517 3115 634 3170 boatium
643 3135 675 3169 eo
686 3137 739 3168 ma·
782 3117 877 3186 pirano.
893 3123 953 3174 Vid.
970 3124 1003 3176 ad
1014 3130 1038 3191 Ι,
1059 3127 1116 3180 163.
1130 3161 1164 3170 -
1180 3131 1280 3205 Stypios

242 3201 280 3270 gia
293 3211 390 3270 pateat.
403 3225 438 3238 -ι
441 3199 571 3270 fraudum
583 3199 683 3252 domus.
696 3198 737 3250 cf.
781 3204 1151 3276 ponater,otStyqt'osdomos,
1162 3209 1228 3266 Ditis
1234 3215 1281 3268 do-

244 3270 291 3343 111,
305 3280 370 3346 233,
386 3278 445 3346 234.
456 3309 491 3319 -
501 3279 560 3346 484.
573 3279 604 3330 de
614 3296 682 3330 more
690 3297 739 3348 po·
784 3297 850 3344 mos,
868 3281 925 3344 δεῖμ’
936 3281 1026 3345 'Atha
1044 3303 1091 3338 seu
1107 3289 1184 3341 'uidae
1201 3291 1279 3358 δόμοι,

244 3367 359 3422 rentum,
376 3358 493 3411 honestis
507 3358 564 3414 scil.
579 3371 606 3410 et
619 3359 738 3409 Romano
784 3379 826 3431 ap.
840 3361 897 3411 Vai.
910 3362 948 3413 Fl.
961 3367 984 3429 1,
998 3366 1063 3433 781;
1076 3368 1146 3438 Virg.
1161 3374 1218 3424 AEn.
1233 3377 1280 3442 Vl,

244 3438 351 3488 nomine
363 3436 448 3508 dignis
459 3436 667 3490 conditionibus.
788 3443 851 3510 2693
862 3443 1280 3518 Humiliad.o,251.0d.a‚512‚

280 3517 340 3584 486.
352 3520 475 3588 peridem,
491 3537 567 3589 aequa
579 3521 655 3590 quani
667 3516 743 3568 lance
829 3521 889 3591 489,
901 3523 997 3592 serim,
1016 3539 1044 3577 m
1063 3528 1138 3596 fcere,
1154 3547 1285 3604 ,mmmm

245 3597 412 3668 ponderare,
423 3597 450 3648 b.
464 3617 486 3649 e.
500 3616 579 3668 parea
592 3601 664 3668 pacis
677 3614 743 3649 con·
787 3600 888 3664 foedns,
901 3601 965 3669 {pm
975 3601 1075 3668 qim„
1090 3623 1174 3674 ἣν,
1190 3627 1270 3682 ΠΨ,

246 3677 360 3730 ditionet
368 3681 445 3730 ferre.
454 3679 494 3731 Cf.
504 3677 566 3743 adl,
574 3679 633 3745 534.
641 3678 742 3746 -488.
824 3683 883 3752 490.
894 3685 979 3754 Tyrioe
986 3687 1042 3752 iroe,
1053 3689 1137 3744 Ptenis
1146 3669 1218 3750 ibatis
1227 3670 1282 3751 εἶιΙ

247 3758 328 3810 Color
340 3760 469 3810 orationis
481 3772 512 3810 ut
526 3777 568 3828 ap.
580 3759 656 3810 iloni.
667 3757 742 3810 iliad.
789 3761 824 3813 ob
833 3764 984 3816 frustratum
994 3785 1067 3838 spem
1076 3777 1157 3842 poris.
1166 3783 1285 3850 captivo.

247 3837 274 3906 ζ,
288 3837 353 3904 464,
365 3851 392 3890 et
401 3839 473 3910 Virg.
490 3841 547 3890 AEn.
559 3841 602 3902 IV,
616 3839 650 3904 24
660 3856 699 3907 aq.
710 3867 746 3878 -
789 3860 900 3912 rumque
915 3843 1137 3903 redimendorum.
1153 3855 1193 3909 Cf.
1212 3859 1269 3912 adl

247 3916 314 3968 mibi
322 3919 367 3982 tit,
378 3919 450 3978 iare,
460 3917 560 3984 piram,
573 3917 698 3983 indixerit,
714 3917 744 3970 li·
790 3941 837 3994 71,
852 3937 878 3974 et
891 3925 934 3989 IV,
947 3925 1006 3996 599.
1276 3899 1284 3926 ’

249 4009 323 4062 cent,
336 3997 423 4062 detur,
435 4011 568 4052 utcontra
581 4018 633 4050 non
647 4010 696 4066 est,
713 4019 746 4052 ne
819 4003 1285 4085 491.monitusReguli.-495.cam.

248 4073 292 4140 sit,
310 4078 417 4144 nonsit,
428 4078 468 4129 adu
477 4079 539 4146 tm,
547 4075 581 4143 μὲ
591 4077 615 4127 d'
630 4077 702 4141 iren,
711 4076 745 4146 μὲ
786 4101 835 4155 pau
845 4085 966 4138 Martius.

323 4181 344 4216 ¹·
1095 4178 1127 4231 2⁵
