3008 4662
462 429 772 496 PUNICORUM
796 432 886 496 le.
912 435 936 497 1.
1177 429 1217 518 73

182 565 374 652 Paupertate
387 567 563 646 sanetae
574 569 708 632 nomina
720 586 812 656 parta
825 569 997 658 triumphis
1174 581 1221 627 ero·

183 672 319 753 Consul,
334 689 367 737 et
379 692 563 763 aequnntem
575 676 718 764 Superos
731 677 851 740 virtute
864 677 1026 743 Senatum.

183 776 279 842 Facto
290 779 435 844 animosa
447 780 549 858 viros,
564 795 597 844 et
608 780 688 844 recti
701 801 789 846 socru
803 779 925 870 cupido

180 884 366 967 Adtollunt,
378 885 539 976 birtaeque
551 905 650 976 togae,
663 889 879 977 neglectaque
892 911 1020 970 mensa,

183 992 392 1082 Dexteraque
404 1018 423 1058 o
435 995 541 1058 curvis
555 994 671 1082 capulo
684 1016 751 1057 uon
764 995 871 1082 segnis
884 995 1011 1076 aratris3

215 1150 270 1198 613.
290 1151 398 1218 hirtoque
416 1163 473 1218 toqoe
489 1155 597 1215 (vestitus
610 1155 738 1212 incomtus)
755 1170 768 1200 e
781 1154 831 1201 Col.
846 1156 925 1218 recepi
937 1171 990 1202 cunt
1003 1155 1083 1202 Modio
1102 1165 1125 1200 et
1140 1153 1221 1199 [eleb.

186 1223 226 1284 qni
241 1223 302 1270 bene
320 1225 412 1274 lendnnt
427 1229 483 1273 Teo.
503 1225 561 1272 nial.
580 1225 609 1272 de
626 1227 689 1272 Oret.
707 1241 728 1271 c.
745 1227 786 1282 26,
805 1241 857 1288 pn,
878 1229 938 1290 inpr.
958 1229 1044 1274 breem
1066 1228 1102 1283 ll,
1122 1224 1167 1272 366
1183 1222 1225 1270 nbi

184 1289 241 1336 Ceto
262 1292 346 1340 <buitur
370 1294 461 1340 Hirtam
483 1293 582 1340 membro
603 1309 672 1357 super
695 1297 783 1340 romani
802 1311 861 1342 mone
885 1296 979 1355 Quiritis
1002 1297 1123 1343 Induxisse
1143 1303 1228 1358 toqum

186 1372 208 1405 et
217 1362 337 1424 Ptopert„
349 1365 390 1421 lv,
403 1381 428 1421 1,
445 1381 479 1412 11.
492 1367 573 1421 Curia,
580 1374 691 1428 praetexto
699 1381 750 1428 quse
762 1380 822 1410 notro
834 1369 889 1412 nitet
897 1366 943 1413 altu
955 1377 1045 1423 mm,
1061 1364 1152 1412 Pellitos
1164 1361 1229 1425 (pel-

185 1427 243 1478 libus
260 1435 377 1493 vestitos)
396 1433 474 1504 latuit
494 1439 579 1482 rusti-a
596 1437 664 1482 corda
681 1444 764 1498 potres.
782 1435 840 1482 edd.
860 1435 964 1499 Theogn.
983 1439 1045 1484 Sent.
1064 1435 1145 1488 1.,55.
1170 1435 1227 1479 rru-

186 1498 248 1546 dent.
268 1503 388 1565 Psycbonr.
410 1505 466 1560 aas,
482 1519 505 1553 et
518 1507 607 1553 Ernesti
624 1505 680 1552 olsv.
700 1507 747 1552 Cic.
765 1507 810 1552 rid.
825 1507 925 1570 pellitus.
944 1509 992 1554 Nec
1007 1519 1084 1554 umen
1100 1502 1228 1567 spernenda

187 1583 221 1616 est
241 1570 332 1634 vulgate
352 1573 433 1630 lertio,
455 1574 563 1640 hirtaque
583 1590 659 1622 comoe.
680 1577 761 1622 Priscis
780 1579 841 1622 enim
861 1578 1004 1639 temporibus
1025 1579 1121 1624 ltornoni
1142 1575 1227 1620 crinem
1330 1627 1332 1632 Ι

187 1651 210 1686 et
222 1639 317 1688 borbum
331 1642 393 1689 alere
406 1644 522 1702 solebant,
537 1661 580 1692 nee
595 1647 677 1692 teriori
688 1660 738 1691 aevo
747 1645 857 1704 deerunt,
873 1648 913 1710 qul
923 1646 985 1692 hune
996 1661 1085 1692 morem
1096 1651 1227 1695 terrerent,

185 1718 210 1753 et
226 1722 273 1757 tam
286 1714 371 1759 intonsi
389 1729 457 1776 quant
477 1715 566 1762 bsrbett
581 1726 670 1773 ruent,
687 1731 708 1760 v.
729 1733 749 1762 e.
769 1716 882 1778 Regulus,
900 1717 947 1773 Vl,
966 1715 1012 1772 loti
1035 1731 1084 1778 seq.
1106 1713 1229 1774 Pompeius

187 1777 219 1822 Μ.
232 1779 297 1839 lllll,
317 1780 359 1828 861
375 1799 424 1846 seq.
439 1796 462 1829 et
480 1799 516 1846 sp.
531 1787 615 1832 Lucan.
633 1786 699 1840 Vlll,
721 1785 767 1848 679
787 1801 821 1849 tq.
839 1787 896 1833 Crto
914 1801 951 1848 sp·
968 1788 1048 1835 llorat.
1065 1785 1109 1832 od.
1125 1785 1164 1838 ll,
1187 1781 1227 1836 ¹5,

190 1861 230 1904 11,
245 1861 268 1895 et
283 1853 369 1899 Lnosn.
387 1854 421 1909 ll,
439 1853 483 1915 372
505 1869 553 1916 seq.
572 1855 655 1900 Curius
675 1870 712 1917 ap.
730 1857 810 1902 llorst.
827 1856 870 1903 od.
892 1857 916 1912 l,
936 1872 976 1912 11,
992 1855 1030 1912 41.
1049 1857 1106 1902 Hine
1124 1853 1228 1917 {mansues

189 1918 297 1979 itit-sutus,
311 1922 334 1969 b.
352 1938 464 1983 vetustus,
477 1927 533 1973 dixit
543 1927 641 1975 Mertinl.
660 1928 704 1984 lx,
720 1927 763 1984 48,
779 1943 800 1974 2.
813 1928 842 1976 cf.
854 1929 920 1975 Ovid.
933 1929 994 1976 Fnst.
1010 1931 1045 1986 ll,
1058 1927 1157 1985 303v1,
1169 1923 1229 1981 164,

190 2003 212 2038 et
223 1992 299 2056 intpp.
311 1995 340 2042 ed
349 1997 432 2043 'libuli
446 1999 479 2054 ll,
494 2013 518 2055 1,
531 1997 573 2054 34,
587 2009 610 2045 et
619 1998 675 2045 Plio.
684 2001 741 2055 Vll,
755 1999 791 2061 59.
802 1997 896 2056 -611,
908 2001 940 2046 od
951 2003 1015 2046 eund
1024 1999 1117 2064 capulos
1131 2013 1176 2044 nott
1184 2011 1230 2060 seq·

167 2177 169 2182 ,
189 2143 238 2178 nos
256 2127 370 2183 delectat
383 2150 432 2198 eo,
448 2132 522 2206 qnod
535 2151 595 2185 cum
613 2151 687 2204 nusg-
731 2137 841 2188 fortuna
848 2135 1005 2202 mediocris,
1019 2153 1077 2206 qun
1086 2131 1231 2194 neclauts,

189 2205 687 2284 nilioentiselegantisqueseriorissevi
731 2233 780 2267 nec
803 2218 888 2268 tennis
909 2229 935 2268 et
956 2215 1082 2286 despecta
1103 2223 1156 2276 est,
1176 2211 1231 2260 vitu

190 2301 368 2358 eomparatur.
378 2321 412 2331 -
421 2289 569 2342 Admodum
581 2291 689 2364 laugue-
732 2293 842 2364 simplex
851 2297 907 2346 sine
920 2308 1034 2365 questus
1044 2305 1179 2362 opumque
1189 2305 1232 2338 cn·

190 2383 217 2418 re
227 2365 299 2419 lmnc
309 2368 396 2421 lorum
406 2382 496 2422 censet
504 2371 543 2420 vir
553 2370 649 2423 doctus
659 2372 687 2422 in
732 2372 860 2444 piditnte,
876 2377 935 2428 Son.
951 2374 1001 2444 Ep.
1016 2374 1048 2442 87
1067 2393 1077 2416 ι
1089 2373 1231 2440 Paupertas

191 2445 224 2496 N.
237 2445 349 2519 Allqem.
369 2447 482 2501 deutsclt.
494 2448 560 2500 Bibl.
572 2450 602 2500 T.
613 2451 686 2513 vm,
733 2467 788 2518 est,
798 2471 852 2505 non
867 2473 924 2525 quae
936 2471 1023 2525 pauca
1035 2449 1171 2523 possidet,
1186 2445 1232 2499 sed

191 2527 686 2599 1).11,ρ.418.8111111111111111111οεί11111.
734 2549 791 2601 quse
812 2531 895 2583 multa
912 2549 966 2584 uon
983 2529 1134 2602 possidet.»
1154 2526 1231 2579 conf.

192 2620 495 2675 memorasse,senatum
506 2626 522 2660 s
533 2606 688 2659 oonsulibus
732 2610 793 2662 lani
803 2610 838 2661 nd
848 2612 912 2662 llor.
923 2609 975 2663 Od.
985 2614 996 2662 l
1003 2649 1011 2678 ,
1025 2627 1047 2674 1,
1059 2611 1104 2675 18,
1115 2622 1155 2674 et,
1165 2623 1232 2678 quos

192 2701 312 2739 coactum
325 2705 391 2740 esse.
401 2686 454 2742 Sed
464 2689 522 2758 quis
534 2689 688 2759 its'poetsm
733 2687 812 2740 Drak.
822 2688 928 2757 londnt,
938 2691 1037 2742 Lttosn.
1045 2691 1083 2754 X,
1095 2688 1139 2741 151
1150 2709 1157 2751 ;
1167 2688 1231 2743 Hor.

194 2769 267 2837 qussi
285 2769 312 2819 in
329 2767 449 2820 ordinem
469 2779 562 2839 coget,
581 2780 608 2818 et
629 2768 688 2837 quis
733 2769 875 2836 sermvl,
889 2777 938 2839 7t;
949 2769 1008 2822 Vol.
1022 2771 1092 2822 Mox.
1107 2770 1151 2832 lV,
1163 2768 1192 2830 8,
1209 2783 1232 2816 2.

194 2846 351 2900 obtundetur
363 2847 492 2918 imagine,
509 2848 535 2898 in
553 2863 633 2918 quom
645 2845 690 2896 ille
734 2845 844 2916 (Fabius
855 2859 1035 2921 paupertatem
1048 2849 1137 2919 inopia
1149 2856 1235 2896 mutu-

193 2925 270 2978 lseile
292 2927 410 2980 incidere
430 2938 554 2998 poterat,
579 2919 689 2997 quoqne
735 2927 949 2994 vit)etBroubh.
965 2925 1108 2980 adTibutl.
1124 2925 1235 2990 l,1,3,

192 3004 304 3059 lectores
314 3021 367 3060 tam
374 3005 500 3077 jucundis
511 3005 600 3058 sdfioit
610 3007 691 3058 sensi·
735 3019 762 3058 et
781 3005 805 3058 5.
819 3036 852 3045 -
867 3007 974 3057 nomina
987 3015 1064 3077 parta
1081 3003 1235 3074 triumphis,

193 3084 375 3139 bosi—casta
383 3088 466 3139 beatos
474 3085 632 3156 Paupertate
639 3086 690 3136 Po·
735 3087 806 3136 viros
819 3083 961 3157 triumphis
974 3083 1061 3136 claros
1070 3124 1078 3150 ,
1088 3083 1169 3136 obstr.
1185 3101 1235 3153 pro

192 3178 239 3218 tres
251 3168 285 3219 cl.
294 3169 344 3234 Vl,
356 3168 422 3232 633,
433 3179 459 3219 et
469 3167 542 3236 Virg.
556 3167 613 3217 AEu.
623 3166 690 3230 Vlll,
736 3183 826 3217 ooncr.
835 3165 889 3216 vid.
900 3168 970 3238 App.
981 3162 1163 3234 Capitolinos,
1172 3162 1238 3211 Tor-

199 3247 254 3300 105.
266 3277 303 3288 -
314 3247 413 3311 hotot,
425 3245 534 3310 felices,
550 3245 591 3296 rel
609 3246 691 3302 ,etiem
736 3259 847 3317 quator,
858 3247 1004 3309 corvinos,
1014 3241 1186 3304 Coriolanus,
1196 3241 1237 3290 Fi·

195 3325 287 3378 dirites
308 3338 334 3378 et
355 3337 496 3376 contentos
516 3343 545 3376 re
567 3322 691 3388 modies,
737 3325 862 3390 deustos,
875 3323 1021 3389 Messalas,
1038 3323 1085 3392 qni
1101 3335 1157 3372 tum
1174 3333 1239 3372 tem·

194 3423 248 3459 non
264 3406 353 3473 lenta,
364 3419 393 3457 ut
408 3401 511 3473 μᾶαρκ
526 3422 569 3475 op.
582 3401 689 3454 Hesiod.
736 3407 811 3476 poris
824 3402 1028 3476 cognominibus
1043 3399 1237 3468 inclaruerunt,

195 3491 249 3552 En.
262 3483 328 3556 549,
338 3485 379 3538 vel
393 3481 506 3552 μακάριοι
516 3498 541 3536 et
554 3482 691 3546 tilulum·
738 3484 852 3537 indicari
862 3483 1005 3536 observant
1013 3484 1113 3554 Dansq.
1123 3495 1148 3535 et
1156 3479 1235 3532 Drslr.

194 3565 270 3618 Gonf.
292 3585 355 3618 mox
372 3586 397 3618 v.
416 3566 477 3620 615.
497 3564 593 3636 Cuper.
613 3563 691 3618 obss.
774 3566 834 3618 613.
850 3561 1004 3628 Adtollunt,
1020 3563 1106 3616 claros
1121 3575 1147 3614 et
1160 3579 1237 3614 vene-

193 3646 238 3712 lll,
249 3647 374 3708 nlleins.
384 3645 419 3698 ed
425 3644 503 3698 Orid.
512 3647 601 3696 Amor.
611 3645 637 3710 l,
648 3645 692 3710 15,
739 3644 836 3698 rsbiles
850 3643 975 3697 reddunt.
986 3675 1022 3684 -
1033 3643 1107 3696 lit-tre
1120 3655 1199 3716 toyoe,
1211 3661 1235 3694 v.

194 3725 242 3792 31,
258 3740 300 3793 et,
320 3743 388 3799 quos
406 3724 487 3778 Drak.
505 3725 607 3790 citavit,
616 3728 691 3776 Varr.
738 3726 770 3775 V.
780 3727 810 3777 L.
822 3754 858 3764 -
869 3722 984 3796 neglecta
996 3743 1083 3778 mensa
1093 3762 1101 3788 ,
1111 3723 1238 3796 frugalis,

193 3805 224 3856 L.
244 3807 273 3856 L.
291 3806 325 3870 V,
344 3825 371 3876 p.
397 3805 430 3871 14
453 3817 480 3858 et
499 3803 592 3856 Claud.
611 3803 691 3856 Cous.
740 3803 825 3876 qualis
844 3805 880 3854 Μ.
894 3805 969 3858 Curii
986 3805 1110 3869 Dentati,
1127 3802 1160 3869 Q
1177 3801 1237 3855 AElli

195 3883 271 3957 Olyb.
286 3899 313 3938 et
327 3884 405 3938 Prob.
422 3903 445 3936 v.
460 3883 502 3953 46.
515 3895 642 3950 -casto,
654 3885 693 3934 iu·
738 3883 886 3936 Tuberonis
896 3897 922 3935 et
934 3882 1048 3935 aliorum
1061 3884 1125 3948 luit,
1135 3881 1168 3933 de
1180 3881 1239 3952 qui·
1341 3915 1342 3921 ,

194 3963 694 4037 tegraet'puraosculere‚psuoisjus·
740 3961 789 4014 bns
800 3961 853 4014 vid.
868 3962 959 4015 Juven
976 3963 1028 4030 Xl,
1041 3964 1075 4031 78
1092 3979 1167 4032 seqq.
1179 3957 1236 4008 Val-

195 4058 221 4096 te
227 4049 328 4116 parntis
336 4042 696 4115 contentn,neodiritiisper
740 4044 809 4095 Mox.
824 4045 867 4110 tv,
878 4045 909 4109 3,
921 4057 947 4096 et
960 4045 1050 4096 Aurel.
1062 4044 1129 4093 Vict.
1143 4039 1176 4088 de
1189 4039 1237 4088 rir.

195 4124 276 4180 malas
290 4139 361 4180 artes
374 4124 488 4178 inhians.
501 4153 537 4164 ——
551 4123 612 4174 610.
625 4123 696 4174 Pan·
722 4121 776 4199 ill.
791 4143 814 4176 c.
827 4125 869 4177 33.
882 4153 917 4164 -
928 4125 989 4192 614.
1002 4125 1112 4175 Dextera
1121 4135 1169 4189 per
1179 4133 1239 4166 urn-

194 4207 311 4275 pertosh.
324 4206 402 4272 loco,
416 4224 471 4258 uon
481 4205 572 4276 inopis
584 4215 636 4270 est,
648 4201 695 4256 sed
742 4217 809 4254 trum
820 4220 873 4256 non
887 4204 990 4276 segnis,
1002 4198 1103 4253 inutilis
1116 4197 1187 4246 farta
1196 4211 1240 4244 cn·
