3014 4662
473 427 974 494 PUN100RUMLIB.11.
1197 435 1237 521 93

203 569 264 634 Cui
275 587 410 632 nemora
422 565 628 646 Autololum,
642 583 741 656 atque
754 564 864 632 inlidae
875 566 969 632 litora
981 567 1080 659 Syrtis

201 674 376 752 Parebant,
389 671 546 762 nulleque
558 672 640 736 levis
652 671 798 738 Gaetulus
810 671 949 738 habena.

202 783 309 870 Atque
322 780 347 844 is
359 776 514 852 fundarat
524 775 684 842 thalamos
697 775 871 844 Tritonide
883 777 1045 866 nympha,

202 885 300 952 Unde
312 909 431 976 genus,
443 907 672 976 proauumque
683 886 801 949 lovem
814 886 926 972 regina
938 885 1078 966 ferebat,
1121 866 1122 870 Ἰ

201 994 244 1056 Et
255 1015 313 1056 sua
325 990 642 1082 fatidicorepetebat
653 990 787 1055 uomina
799 988 885 1054 luco.

204 1101 282 1164 Hoec
293 1101 405 1188 ignara
415 1099 492 1178 viri,
505 1120 677 1186 vacuoque
689 1095 826 1162 adsueta
837 1096 954 1178 cubili,

202 1209 332 1271 Venatu
346 1223 379 1271 et
390 1207 477 1271 silvis
490 1207 613 1294 primos
625 1202 819 1270 defenderat
830 1227 934 1271 annos
948 1227 955 1267 :

233 1411 271 1468 64.
280 1411 377 1458 Gemlus
386 1413 487 1474 quidam.
498 1411 571 1459 Male!
582 1411 621 1458 Gr.
633 1403 761 1457 retroire.
770 1435 800 1446 -
807 1411 845 1474 67.
856 1413 955 1468 Vereor,
965 1425 991 1458 ut
1000 1411 1037 1458 hio
1046 1427 1127 1460 tersus
1135 1416 1163 1462 sit
1175 1431 1186 1460 a
1198 1417 1244 1464 Silii

204 1499 286 1540 manu,
298 1485 393 1546 languet
404 1497 466 1531 certe
477 1497 499 1532 et
508 1501 589 1530 verens
598 1499 668 1546 praec.
679 1484 815 1528 sententiam
826 1485 916 1544 repetit.
924 1510 955 1520 -
962 1484 1000 1546 69.
1011 1483 1093 1546 angg.
1103 1499 1244 1546 assueverat,

204 1549 361 1618 quodprirnus
371 1555 467 1602 Nicand.
475 1572 512 1619 ap.
521 1557 584 1601 lunt.
593 1554 671 1610 dedit,
681 1553 754 1598 verbo
764 1569 887 1616 perperam
896 1569 923 1599 ex
931 1571 952 1599 r.
963 1569 1033 1617 praee.
1046 1559 1158 1616 repetito:
1170 1559 1244 1623 defen-

204 1625 266 1671 dem
272 1627 349 1688 scripti
357 1639 381 1672 et
387 1629 467 1688 priseae
475 1627 528 1674 edd.
539 1625 605 1688 quod
611 1624 694 1671 Cellar.
704 1625 808 1686 exponit,
817 1625 882 1686 quasi
888 1626 1063 1672 transmittendo
1070 1638 1093 1674 et
1100 1631 1245 1691 transigendo

204 1711 320 1754 arcuerat3
331 1710 354 1744 et
363 1699 444 1754 Drak.‚
454 1712 539 1745 venatu
548 1697 684 1744 defenderat
694 1697 845 1758 virginitatem
854 1696 884 1742 ab
892 1694 1002 1742 illecebris
1009 1712 1141 1759 procorum.
1153 1701 1198 1748 Sed
1206 1703 1245 1750 de·

199 1768 292 1829 sordere
299 1771 370 1814 vitam
378 1781 411 1814 est
418 1771 478 1816 forte
486 1770 517 1815 id.
527 1768 566 1832 qd.
575 1771 643 1824 tueri,
651 1767 675 1812 lr.
684 1782 786 1823 servare,
794 1767 893 1814 tolerare
903 1783 962 1814 eam.
970 1769 998 1814 bl.
1008 1768 1086 1814 lleins.
1096 1772 1159 1816 conl.
1169 1787 1191 1816 x.
1200 1771 1246 1834 673

205 1837 273 1901 bnjtts
284 1839 337 1885 libri
351 1841 391 1902 qui
404 1853 481 1887 tamen
495 1841 525 1888 sd
539 1841 676 1886 sententiam
689 1837 712 1884 b.
726 1837 741 1884 l.
755 1839 919 1900 expediendam
931 1839 1091 1886 nihilomnino
1103 1841 1170 1888 valet.
1182 1843 1245 1890 idem

205 1911 270 1970 eonji.
281 1920 393 1974 exeqerut.
404 1913 501 1974 Propius
510 1911 540 1958 td
548 1911 666 1958 literarum
675 1909 864 1956 duetumaccedit
872 1910 1001 1956 emendatio
1008 1911 1085 1958 Burm.
1095 1914 1231 1976 impenderat
1237 1933 1246 1969 ,-

206 1981 307 2040 proxime
318 1997 391 2036 vero,
407 1982 472 2043 quod
488 1985 591 2044 reposuit
602 1981 683 2027 beleb.
697 1980 846 2042 dependeret,
860 1981 883 2028 b.
901 1981 1055 2044 impenderat,
1068 1993 1093 2029 ut
1105 1999 1142 2045 tp.
1158 1985 1244 2030 Lucan.

207 2049 237 2104 X,
254 2049 291 2096 80.
306 2051 373 2098 Conl.
386 2051 448 2098 idem
458 2053 524 2110 Vlll,
541 2068 596 2108 roo,
614 2065 637 2097 et
649 2050 739 2098 Colum.
752 2051 793 2106 Ν,
811 2065 852 2106 22,
866 2065 913 2106 vrt;
926 2052 958 2107 x,
976 2067 982 2095 1
991 2085 999 2107 ,
1013 2067 1049 2097 so.
1065 2051 1110 2098 Sed
1121 2065 1246 2116 utrumque

206 2135 258 2164 tum
270 2123 338 2167 tertio
353 2139 408 2169 casn
416 2125 484 2186 jungi
496 2123 562 2172 solet.
574 2125 687 2169 Fortassis
698 2121 825 2185 deferverat
838 2117 904 2170 aerei
917 2138 999 2178 mutet,
1012 2122 1049 2170 vel
1062 2123 1197 2180 demeat,
1210 2125 1247 2171 vel

205 2187 342 2254 dffrderat,
352 2206 387 2248 et,
396 2196 473 2242 nexem
483 2193 550 2258 quid,
560 2194 649 2256 scripsit
658 2203 742 2254 poeta:
753 2192 884 2240 extenderat
892 2194 975 2256 auspic.
986 2192 1085 2242 Sebmid.
1097 2192 1149 2239 eoll.
1160 2207 1182 2238 1.
1195 2193 1245 2240 ro3.

243 2371 286 2423 63.
294 2372 440 2440 Autololes,
450 2373 566 2449 populus
576 2375 704 2430 Maurita-
748 2377 801 2442 Vi,
820 2376 888 2446 6893
910 2385 936 2426 et
955 2389 1022 2446 quos
1040 2370 1120 2424 brak.
1138 2370 1247 2438 laudat,

209 2451 257 2502 uim
265 2449 411 2524 Tingitana
424 2467 450 2508 et
458 2456 574 2509 Getulits
587 2456 622 2509 ad
632 2475 706 2508 mon·
748 2455 815 2508 Stet.
827 2453 889 2506 silv.
900 2453 944 2520 lv,
955 2469 1006 2519 vri,
1019 2453 1066 2512 30;
1078 2451 1154 2502 rluet.
1167 2450 1248 2504 Oeta·

209 2541 260 2582 tem
271 2531 405 2586 Atlantem
417 2553 545 2607 oramque
562 2537 641 2588 maris
658 2536 706 2586 At·
749 2536 831 2586 riaev.
847 2535 911 2592 532;
925 2535 1003 2602 Prop.
1021 2533 1064 2594 Ν,
1077 2545 1111 2597 tr,
1127 2531 1177 2601 693
1192 2532 1247 2601 Δρ-

208 2607 306 2661 lsutiei.
317 2612 359 2664 Cf.
372 2616 420 2682 111,
437 2615 489 2668 306
501 2633 557 2686 seq.
574 2615 624 2678 Xl,
641 2631 704 2685 ¹9²⁷
749 2613 805 2687 pul.
818 2613 881 2664 Met.
892 2613 953 2676 vn,
967 2629 994 2682 p.
1010 2609 1072 2670 1363
1083 2608 1128 2661 ubi
1140 2627 1165 2660 v.
1178 2611 1245 2661 Prie.

210 2687 273 2740 Plin.
281 2690 315 2756 V,
327 2707 355 2756 1,
368 2710 392 2743 2.
401 2721 437 2732 —
446 2690 547 2766 infidoe3
558 2693 705 2746 latrociniis
751 2699 829 2766 (etp.
841 2691 921 2764 350);
931 2693 1004 2762 Virg.
1017 2691 1075 2742 AEn.
1085 2691 1146 2752 llll,
1160 2688 1202 2760 59.
1212 2717 1247 2728 -

210 2781 235 2820 et
243 2769 389 2842 naufragiis
399 2772 605 2840 infestae-64.
618 2775 707 2825 011111-
750 2803 785 2816 -
798 2771 915 2844 nympha
933 2769 1078 2835 Tritonide,
1091 2767 1117 2820 b.
1133 2767 1250 2820 Tritoni-

210 2846 338 2914 desieris,
359 2851 435 2924 agilis
454 2851 610 2906 adeersum
626 2865 653 2905 et
672 2850 707 2904 nd
751 2852 792 2905 dis
805 2851 910 2926 paludis
923 2863 949 2903 et
961 2849 986 2902 ll.
999 2868 1083 2921 prope
1093 2848 1188 2920 Syrtim
1200 2847 1251 2898 mi-

211 2945 292 2998 equos
302 2930 434 3002 regendos
444 2931 519 2984 nulla
529 2932 636 2984 habena.
644 2929 705 2983 Vid.
752 2949 852 2986 norem.
870 2931 950 2983 Conf.
965 2931 1037 3002 Virg.
1055 2932 1112 2982 AEn.
1129 2931 1172 2993 IV,
1192 2929 1250 2998 198.

211 3007 243 3060 ad
252 3012 278 3074 l,
289 3011 349 3062 115.
360 3010 474 3064 Anienis
483 3025 614 3083 estvagns
624 3025 651 3062 et
663 3029 708 3082 pa·
751 3011 881 3065 Gellarius
891 3009 1091 3082 auspicabatur,
1101 3006 1192 3060 Silium
1206 3006 1252 3059 ad-

210 3083 282 3154 lffi,
298 3107 372 3142 ¹¹¹⁰re
386 3089 554 3156 Nomadum,
569 3103 595 3143 et
610 3089 708 3142 beltena
750 3092 845 3144 lusisse
853 3090 887 3142 ad
896 3087 1071 3158 Amazonidos
1079 3087 1171 3150 Afras,
1185 3102 1252 3156 quas

211 3165 238 3218 b.
258 3167 275 3219 l.
294 3170 453 3240 imperium?
463 3171 560 3223 Getuli
576 3181 661 3233 uerte,
678 3179 709 3220 ut
753 3173 824 3224 eirea
838 3169 909 3221 hunc
923 3167 1012 3218 laeum
1023 3163 1158 3215 habitasse
1171 3159 1253 3213 tradit

212 3249 298 3300 verbis
305 3248 411 3301 Sallust.
421 3251 485 3303 Bell.
495 3251 555 3320 lug.
565 3269 588 3302 c.
601 3251 631 3301 18
640 3260 708 3312 utar,
752 3248 865 3301 Diodur.
877 3249 925 3310 Ill,
939 3245 980 3296 53.
993 3272 1027 3281 -
1037 3241 1080 3293 66.
1091 3258 1218 3311 proavum
1230 3242 1253 3292 si

211 3345 299 3397 neque
309 3327 711 3401 moribusmequelegeautim·
754 3327 862 3400 proprie
880 3324 946 3376 dixit
962 3333 1058 3392 poeta,
1074 3318 1116 3370 rel
1130 3317 1214 3389 proles
1227 3337 1251 3369 v.

213 3407 710 3482 periocnjnsquamregebanturtvagi,
756 3407 789 3461 58
810 3423 862 3457 non
882 3402 953 3467 filia,
972 3398 1019 3452 sed
1035 3399 1122 3470 neptis
1142 3410 1194 3464 est,
1211 3398 1254 3450 rel

214 3486 349 3556 palantes,
361 3502 414 3542 ete.
428 3489 480 3542 Sed
497 3488 610 3542 alterum
626 3489 710 3556 magis
756 3489 798 3541 ari
814 3485 927 3538 materni
939 3493 1015 3554 pater
1027 3480 1156 3544 innuitur,
1168 3492 1197 3529 ut
1209 3479 1255 3530 As·

216 3561 241 3616 b.
253 3564 270 3616 l.
281 3569 413 3619 convenit.
755 3568 818 3640 byte
830 3579 884 3621 tan.
900 3576 1052 3628 „eternum
1067 3577 1146 3630 quam
1159 3572 1255 3612 mater-

249 3645 291 3698 65.
305 3647 339 3711 is,
350 3647 459 3714 Iarbas,
468 3659 494 3700 et
502 3648 658 3722 moxreqista
664 3648 712 3698 At·
757 3665 819 3700 num
829 3625 911 3718 genui
923 3644 1011 3696 aJove
1019 3638 1255 3712 fingaturduxisse,

215 3726 285 3799 byte.
297 3729 453 3802 -fundari
468 3741 493 3780 et
502 3730 596 3802 fulciri
612 3729 714 3782 familia
759 3726 831 3800 quod
842 3723 876 3778 ad
884 3741 1014 3776 summam
1024 3723 1079 3792 ejus
1089 3719 1256 3774 nobilitatem

216 3807 320 3872 dieitur,
333 3828 416 3862 uxore
429 3810 511 3864 dueta
525 3811 669 3882 liberisque
684 3829 715 3862 ex
758 3808 868 3861 valeret.

217 3907 246 3940 ea
257 3893 404 3962 susceptis,
417 3891 514 3962 quibus
525 3892 635 3942 mortuis
647 3887 714 3953 leber
794 3889 837 3940 68.
849 3885 926 3937 conf.
935 3886 1007 3956 Virp.
1020 3883 1142 3950 mevit,
1153 3881 1204 3934 eoo
1215 3899 1255 3952 sq.

218 3967 320 4032 ''Mttdr
329 3972 359 4023 ll.
370 3973 403 4037 β,
414 3989 461 4040 7⁰¹
469 4011 474 4022 .
483 3971 542 4022 Filii
551 3983 656 4042 patruni
668 3965 716 4020 1θί-
761 3964 836 4020 Pind.
849 3963 922 4035 Pytb.
934 3965 984 4028 lx,
997 3963 1031 4015 33
1041 3979 1097 4031 seq.
1108 3989 1142 4002 -
1153 3961 1256 4031 iperium,

217 4070 263 4110 Μ,
281 4050 323 4104 rel
338 4049 419 4104 veritos
438 4051 501 4106 siser
523 4071 565 4122 ap.
580 4051 671 4120 Eurip.
689 4051 715 4101 in
761 4063 868 4116 expers,
883 4043 943 4108 riri,
953 4055 982 4094 ut
995 4060 1037 4113 ap.
1049 4043 1112 4092 llor.
1123 4038 1206 4106 Epist.
1220 4037 1259 4100 ll,

218 4129 296 4184 Tzur.
309 4151 334 4184 r.
349 4131 397 4202 573
408 4131 507 4186 Troad.
520 4131 584 4201 5703
598 4130 632 4182 al.
644 4129 714 4181 conf.
765 4147 791 4192 r,
806 4127 851 4178 132
860 4147 867 4188 ;
877 4124 948 4194 sindpe
958 4125 983 4174 ον’
992 4118 1095 4191 pridem
1105 4119 1168 4169 Luc.
1178 4120 1204 4181 l,
1214 4117 1256 4183 34.

220 4208 304 4262 Burm.
316 4223 343 4264 et
352 4213 448 4264 Weitz.
461 4211 494 4263 od
505 4211 563 4262 val.
573 4209 610 4262 Fl.
620 4213 645 4274 l,
657 4225 715 4278 721;
761 4207 853 4260 Musaei
864 4205 1026 4257 locutionem
1040 4197 1121 4267 γέμων
1134 4196 1259 4249 ididem:
