3054 4666
270 454 333 522 356
584 456 619 518 G.
643 453 767 518 SlLll
792 455 986 522 lTALlCl

269 589 428 682 Regulus,
442 616 480 657 ec
492 591 627 681 stirpem
640 606 738 656 tantae
750 591 881 682 perjura
894 594 1012 660 recidit

267 701 461 788 Surgentem
473 697 634 786 Carthago
647 695 775 762 domus.
788 729 801 758 u
818 697 900 764 Inde
913 723 997 788 aegne
1011 703 1144 791 reponit

267 805 417 872 Membra
430 820 517 882 toro,
530 825 592 868 nec
604 802 690 867 ferre
703 800 794 867 rudis
807 802 1025 870 medicamina
1036 808 1180 898 (quippe
1278 839 1309 885 9⁰

267 911 412 976 Callebat
422 909 536 994 bellis)
546 931 636 972 nunc
647 923 765 996 purgat
775 907 910 974 vulnere
924 908 1072 1000 lympha,

265 1019 360 1081 Nunc
371 1015 495 1080 mulcet
506 1014 611 1079 suecis
625 1037 631 1074 :
645 1013 723 1101 ligat
734 1011 827 1091 inde,
841 1037 879 1079 ac
890 1014 1013 1080 vellera
1025 1017 1115 1082 molli

266 1118 456 1187 Circumdnt
466 1137 570 1197 tectu,
585 1134 617 1182 et
629 1133 798 1205 torpentes
810 1118 938 1208 mitigat
949 1138 1048 1187 artus.

263 1227 347 1292 Exin
359 1248 437 1290 cura
449 1225 535 1304 seni,
549 1223 676 1287 tristem
688 1220 855 1311 depellere
867 1223 955 1288 fesso

263 1336 329 1402 Ore
342 1335 444 1414 sitim,
458 1347 491 1397 et
502 1353 600 1421 parca
611 1332 697 1396 vires
709 1354 872 1397 arcessere
885 1357 1008 1399 mensa.
1274 1348 1304 1409 95

264 1443 345 1525 Quae
357 1455 532 1528 postquam
544 1453 732 1525 properata,
746 1458 847 1525 sopor
858 1461 916 1502 sua
928 1461 1065 1504 munera
1077 1439 1212 1505 tandem

262 1546 427 1634 Adplicat,
442 1561 475 1608 et
486 1545 600 1607 mitem
612 1540 723 1607 fundit
734 1564 794 1629 per
806 1543 953 1608 membra
968 1546 1124 1634 quietern.

262 1651 413 1719 Necdum
426 1665 537 1715 exorta
549 1649 633 1729 dies,
647 1651 759 1714 Marus
771 1649 871 1715 instat
882 1652 1028 1716 vulneris
1041 1669 1137 1717 aestus

262 1758 412 1845 Expertis
424 1752 590 1820 medicare
602 1751 725 1834 modis,
739 1770 934 1846 gratumque
948 1773 1112 1846 teporem,

261 1867 386 1928 Exutus
399 1863 543 1939 senium,
556 1857 685 1949 trepida
696 1861 818 1948 pietate
832 1863 1003 1927 ministrat.
1260 1891 1306 1922 ιω

307 1969 370 2032 Hic
377 1967 523 2058 juvenis,
537 1981 668 2030 maestos
680 1965 798 2031 tollens
811 1965 852 2031 ad
866 1965 972 2032 sidera
984 1967 1111 2046 vultuS,

261 2080 346 2141 Cum
358 2073 481 2162 gemitu
493 2071 702 2161 lacrimisque
714 2072 812 2136 simul
824 2097 831 2137 :
848 2103 861 2131 tt
872 2075 904 2138 Si
917 2073 1060 2138 culmina
1073 2069 1223 2136 nondum

261 2181 403 2268 Tarpeia
416 2199 532 2243 exosus
546 2176 707 2242 damnasti
720 2195 849 2266 sceptra
860 2179 1005 2262 Quirini,

261 2289 430 2352 Extremas
443 2281 562 2347 Italum
574 2305 641 2361 res,
657 2285 901 2375 Ausoniamque
914 2301 1067 2353 ruentem

292 2455 330 2502 88.
343 2452 455 2520 llepnlus,
468 2469 495 2498 oc
507 2455 599 2515 stirpem
610 2453 688 2514 teripti
700 2463 723 2498 et
734 2454 760 2497 ll.
779 2468 802 2498 n.
818 2453 893 2515 Vulgo
905 2452 1020 2518 Rrpulus?
1035 2467 1066 2498 rm
1076 2455 1195 2514 stirpem...
1210 2449 1311 2496 domm

262 2525 324 2573 Male
336 2526 438 2588 peritum
447 2523 502 2570 Nut.
520 2535 543 2568 et
558 2521 587 2568 ul.
596 2547 628 2557 -
638 2537 676 2584 90.
694 2522 839 2569 medicamina
852 2539 961 2588 opemque
973 2525 998 2570 C.
1011 2521 1065 2568 belli
1075 2525 1114 2581 (ut
1125 2535 1165 2566 neo
1178 2519 1240 2566 rudis
1254 2517 1311 2565 leur

262 2599 303 2654 tit,
314 2596 382 2656 longa
393 2593 471 2642 militia
485 2595 625 2653 exercituo),
634 2591 672 2639 vel
683 2592 786 2640 enitebar
796 2594 845 2641 telis
854 2595 946 2642 emend.
959 2597 988 2641 N.
999 2596 1078 2640 Heint.
1089 2617 1121 2628 -
1131 2591 1169 2652 95.
1178 2589 1254 2652 Vulgo
1266 2606 1307 2637 ω-

263 2681 362 2719 cereno,-
372 2665 419 2710 vid.
431 2663 460 2709 etl
471 2664 496 2719 l,
511 2661 563 2719 564.

263 2801 291 2851 ti.
303 2826 337 2841 -
347 2800 390 2868 89.
401 2798 567 2870 Serpentem,
578 2816 603 2848 v.
614 2795 648 2849 ed
661 2801 685 2862 l,
702 2815 758 2850 112.
804 2801 863 2852 AEn.
880 2803 923 2866 IV,
941 2799 1006 2868 459,
1021 2809 1048 2850 et
1061 2797 1126 2850 Stet.
1138 2793 1189 2846 Th.
1205 2795 1243 2862 11,
1255 2793 1308 2866 95,

298 2895 340 2948 9⁰·
353 2878 414 2928 Non
426 2877 533 2947 ignarus
544 2877 607 2926 artis
619 2875 759 2940 medendi,
804 2881 846 2933 vel
854 2880 1088 2943 siccalinarnenta,
1098 2875 1308 2948 quibusinpleu-

264 2959 363 3030 quippe
386 2973 467 3027 quam
489 2953 605 3026 plurium
628 2954 760 3007 bellorum
806 2959 869 3012 dum
888 2973 928 3013 est
942 2959 1051 3022 vulnus,
1069 2967 1179 3008 auctore
1196 2953 1273 3007 Celso
1287 2954 1306 3006 l.

264 3054 315 3089 usu
324 3049 351 3088 et
360 3033 523 3106 experientia
530 3030 652 3099 callebat,
662 3032 761 3086 didice-
807 3057 830 3091 ο.
841 3069 876 3078 -
887 3041 935 3110 94,
947 3037 990 3107 95.
1002 3037 1043 3088 cf.
1053 3037 1112 3100 XV,
1124 3035 1192 3100 813,
1203 3045 1230 3085 et
1243 3051 1305 3086 ver-

264 3130 313 3168 ret.
324 3117 363 3167 lte
371 3117 428 3186 jam
437 3110 552 3163 Dralren.
564 3129 671 3164 sensum
681 3111 760 3182 hujus
806 3119 843 3172 bn
856 3119 926 3171 Celsi
938 3118 955 3168 l.
970 3115 987 3166 l.
1002 3115 1023 3186 §.
1039 3115 1085 3181 25,
1099 3133 1116 3166 a
1125 3107 1241 3166 Drekeu'.
1256 3111 1307 3166 ad-

263 3191 762 3265 locicepit,quiN.lleinsiocontumi-
805 3199 920 3269 eeripta,
943 3197 988 3267 qui
1012 3208 1083 3247 reete
1106 3207 1214 3258 monet,
1236 3193 1305 3245 Mari

264 3289 343 3328 natue
361 3271 511 3324 videbatur.
532 3272 610 3324 Conf.
627 3289 650 3320 v.
669 3289 712 3341 99.
725 3299 762 3310 —
807 3295 913 3348 quoque
928 3285 1113 3347 paupertatem
1128 3273 1204 3324 innui
1215 3289 1304 3344 poste.

264 3355 376 3427 quippe,
386 3369 456 3402 uam.
467 3349 539 3421 Virg.
552 3352 610 3401 AEn.
623 3347 682 3415 Xll,
695 3350 760 3416 dua,
841 3373 884 3426 97.
897 3357 938 3408 Cf.
951 3356 1025 3425 virg.
1039 3355 1097 3405 AEu.
1115 3356 1140 3418 Ι,
1155 3352 1221 3423 691,
1238 3353 1306 3420 691,

264 3433 334 3486 male
348 3431 513 3501 comparavit
524 3431 558 3480 N.
569 3431 658 3500 lleine.
672 3459 706 3467 -
717 3447 760 3499 9¹·
807 3435 853 3488 ubi
861 3454 885 3486 v,
893 3437 992 3506 Heyne,
1000 3451 1085 3504 -99.
1095 3445 1207 3506 teporem
1215 3431 1305 3484 Barth.

266 3513 378 3584 Sanguis
396 3529 451 3562 uon
470 3507 550 3559 modo
570 3508 656 3571 ablui,
673 3508 720 3561 sed
737 3521 763 3560 et
807 3516 917 3585 exponit
934 3513 1083 3566 naturalem
1099 3512 1233 3576 calorem,
1247 3511 1306 3582 pla·

266 3593 323 3644 sisti
337 3589 440 3642 solebat
453 3607 524 3659 eque
534 3585 644 3657 frigido,
658 3600 687 3639 ut
699 3587 764 3640 celi·
807 3607 866 3648 0510
878 3607 941 3646 2511,
955 3593 1108 3655 reductum
1122 3591 1188 3644 cell,
1201 3593 1306 3642 fomen-

266 3671 300 3724 du
315 3670 393 3722 dolor
407 3669 540 3740 mitigeri:
557 3666 629 3737 quod
645 3667 761 3720 Dralreu.
807 3686 847 3739 ta,
863 3687 889 3726 et
899 3673 981 3725 Drulr.
995 3691 1092 3745 aquam
1104 3668 1221 3742 tepidam
1232 3669 1306 3720 miti.

267 3751 364 3824 probat
374 3748 435 3800 coll.
445 3766 469 3798 v.
481 3748 515 3816 98
525 3765 565 3816 eq.
576 3745 670 3798 Athen.
681 3747 763 3818 Deip·
806 3752 895 3824 gando
915 3750 1012 3804 dolori.
1025 3780 1060 3790 -
1075 3765 1131 3801 roo.
1150 3749 1250 3799 Exutus
1265 3766 1305 3800 re-

266 3830 415 3897 1101.Π,4;
428 3828 497 3882 Cels.
510 3825 542 3878 de
555 3845 583 3878 re
593 3825 663 3878 med.
670 3829 703 3891 V,
716 3827 762 3894 26,
807 3833 898 3900 nium,
911 3834 1042 3884 inmemor
1053 3828 1209 3894 senectutis,
1222 3843 1305 3900 supra

266 3913 290 3979 5.
303 3927 332 3962 nr
342 3929 349 3970 3
361 3909 395 3960 cf.
405 3908 485 3960 etiem
494 3907 592 3976 eupv,
601 3905 664 3968 36&
673 3907 762 3979 lleync
807 3915 890 3964 emtis
901 3914 977 3964 vires.
989 3910 1030 3962 Cf.
1041 3909 1113 3975 Xlll,
1126 3923 1189 3973 120,
1200 3907 1235 3959 ed
1244 3907 1306 3976 Vll,

268 3989 303 4044 nd
311 3991 384 4059 Virg.
395 3989 452 4039 AEn.
463 3987 501 4050 Χ,
512 3985 577 4052 833,
587 3985 652 4052 834,
662 3997 688 4036 et
697 3987 764 4057 ilip-
807 3991 872 4060 496;
882 3992 971 4043 Heius.
983 3987 1016 4040 etl
1024 3986 1102 4040 Ovid.
1111 3987 1173 4037 Her.
1183 3987 1234 4053 IX,
1246 4002 1304 4040 111.

267 4089 343 4142 poor.
355 4065 506 4136 Aphorism.
515 4064 547 4126 V,
561 4081 607 4128 ²2,
619 4063 662 4117 25.
673 4083 761 4134 -9a.
807 4070 904 4142 Cuper.
917 4069 994 4122 Obss.
1005 4069 1031 4134 1,
1044 4067 1068 4119 8.
1082 4095 1117 4107 -
1127 4067 1240 4139 trepida,
1254 4065 1305 4116 sol·

267 4145 469 4210 succisanam,
482 4141 542 4195 353.
553 4173 586 4182 -
599 4143 707 4208 vellera,
720 4147 763 4196 in·
807 4149 880 4202 licita
896 4147 929 4201 de
946 4148 1025 4201 amici
1040 4147 1109 4199 vita:
1121 4146 1173 4197 niti
1189 4144 1224 4199 ed
1236 4146 1305 4198 Man·

267 4228 337 4280 iulus
347 4226 477 4294 uittasque
486 4221 628 4290 lenonum
638 4241 681 4294 ep.
689 4225 761 4297 Virg.
807 4240 970 4284 senectutem
983 4227 1083 4280 referre
1095 4224 1182 4278 malie.
