3014 4662
492 397 993 464 PUNiCORUMLlB.11.
1203 419 1260 485 ¹²7

225 542 371 605 Curvatis
383 537 540 605 claudens
552 540 721 626 ingentem
733 537 874 606 flexibus
886 536 1011 602 orbem.
1216 551 1263 608 tto

225 644 403 724 Hannibal,
415 643 556 734 abrupto
570 662 789 732 transgressus
801 641 928 708 foedere
939 644 1040 731 ripas,

225 752 401 816 Poenorum
414 750 555 840 populos
567 751 714 814 Romana
725 749 760 812 in
772 746 858 813 bella
869 747 1016 814 vocabat.

223 854 295 919 Tali
309 855 456 920 sublimis
469 854 573 934 donn,
586 876 672 918 nova
684 853 827 940 tegmina
840 852 913 916 latis

224 947 324 1048 dptat
334 961 524 1025 concutiens
536 960 699 1038 humeris,
711 959 885 1051 celsusque
896 959 1065 1046 profatur:
1134 1048 1136 1051 ι

228 1095 242 1124 α
254 1068 329 1130 Heu
342 1083 501 1154 quantum
513 1066 659 1131 Ausonio
671 1063 846 1142 sudabitis,
858 1088 963 1144 arma,
976 1069 1107 1130 cruore!
1219 1079 1263 1137 455

224 1173 326 1253 Quas,
339 1169 417 1235 belli
424 1168 543 1261 judex,
556 1192 670 1259 poenas
683 1167 779 1249 mibi,
792 1171 904 1249 Curia,
918 1168 1058 1258 pendes!
1072 1201 1085 1228 n

268 1277 410 1365 Jamque
422 1275 613 1342 senescebat
623 1276 748 1340 vallatis
760 1275 925 1341 moenibus
936 1272 1055 1355 hostia,
1069 1281 1071 1288 '

224 1382 454 1474 Carpebatque
466 1382 537 1450 dies
550 1381 682 1463 urbem,
695 1381 776 1448 dum
789 1385 879 1473 signa
892 1405 1077 1474 manusque

226 1489 423 1577 Exspectant
434 1489 511 1554 fessi
523 1490 627 1554 socias
639 1513 646 1552 :
659 1487 793 1554 tandem
806 1511 941 1578 aequore
954 1511 1038 1553 vano

254 1688 308 1746 456.
319 1691 408 1753 judex,
416 1705 465 1736 nen
473 1690 571 1747 vindex,
582 1689 632 1736 cot.
646 1691 688 1736 Ox.
701 1691 727 1734 tt.
742 1706 754 1735 2
764 1705 769 1734 τ
783 1689 848 1752 qnod
856 1702 942 1753 prater
951 1691 1028 1739 Barth.
1039 1691 1178 1739 deienditN.
1188 1693 1267 1740 licina.

131 1765 135 1774 ’
225 1760 276 1807 coil.
288 1763 375 1808 Lucan.
387 1763 413 1817 t,
428 1777 487 1825 ²²7³
500 1762 557 1817 vn,
572 1761 615 1808 263
628 1761 656 1807 al.
669 1775 695 1808 ut
706 1763 729 1807 in
740 1761 849 1807 invidiam
860 1763 956 1807 Senatui
967 1763 1032 1808 Rem.
1044 1763 1146 1819 dicatur,
1160 1779 1214 1810 eum
1223 1764 1267 1812 tibi

225 1833 343 1879 arbitrium
352 1831 406 1882 belli
414 1835 530 1896 Saguntini
539 1849 673 1895 arrogante,
684 1834 749 1898 qnod
757 1835 806 1895 ipre
817 1832 929 1880 Hannibal
938 1833 960 1877 ei
970 1833 1092 1896 exprobrat
1100 1850 1137 1896 ep.
1149 1835 1198 1882 Liv.
1207 1837 1266 1894 XXl,

225 1900 263 1959 44.
276 1902 434 1966 Xdetipulatnr
445 1907 466 1949 ci
478 1903 563 1960 vrak,
577 1905 617 1966 qni
629 1916 705 1951 tamen
714 1905 815 1968 judicem
826 1919 840 1950 a
851 1903 938 1948 vindice
952 1919 1119 1966 nonnunquam
1129 1920 1211 1967 parum
1223 1906 1268 1952 dit-

226 1971 288 2018 fcrre
297 1984 392 2029 menet,
403 1975 531 2036 presertim
542 1987 614 2036 quum
620 1973 705 2036 judicit
714 1975 758 2030 tit,
770 1989 812 2029 ea,
823 1987 875 2035 quae
886 1983 966 2018 contra
977 1971 1052 2034 legem
1059 1973 1129 2030 finnt,
1139 1977 1268 2030 vindicare,

225 2043 286 2090 ande
298 2043 352 2091 teus
360 2047 443 2092 vt'ttdex
453 2049 525 2108 poerit
537 2059 587 2092 cate
599 2047 675 2100 curia,
688 2061 740 2108 ane
751 2042 880 2108 puniendae
891 2041 960 2098 belli,
972 2043 1082 2090 advertat
1093 2044 1181 2093 foedcra
1192 2047 1267 2104 inlati,

225 2127 332 2163 amores
343 2129 442 2164 censeat.
451 2142 483 2153 -
492 2115 545 2179 457.
558 2115 657 2163 veliam
669 2133 697 2162 cx
708 2115 758 2163 Col.
772 2116 931 2178 reponendum
942 2114 1037 2177 putabat
1048 2115 1156 2172 dindina,
1167 2117 1267 2180 rcfragp.

115 2187 130 2200 “
225 2186 327 2248 Beraq„
341 2189 369 2232 N.
381 2189 458 2234 Heint.
474 2201 498 2236 ct
508 2187 588 2234 hereb.
600 2213 632 2224 -·-
643 2187 696 2245 458.
713 2190 791 2252 quies,
803 2187 826 2233 h.
840 2185 894 2234 belli
909 2187 1055 2241 immuniter,
1072 2187 1134 2246 conj.
1147 2188 1175 2231 D.
1189 2189 1267 2234 netas.

227 2257 292 2317 quod
303 2271 365 2305 reete
375 2259 483 2307 damant
494 2261 580 2322 Dautq.
594 2271 618 2305 ct
632 2260 701 2306 Drak.
713 2285 745 2296 --
756 2259 809 2318 459.
822 2263 877 2306 veni
886 2275 914 2306 ex
926 2259 986 2319 conj.
999 2257 1070 2305 edidit
1080 2258 1178 2314 Leicb.,
1192 2258 1215 2304 h.
1227 2260 1269 2322 qni

226 2329 250 2373 in
261 2329 330 2376 rebus
340 2333 401 2378 vania
410 2347 475 2394 apem
486 2343 588 2394 ponunt,
600 2335 639 2394 qui
650 2333 724 2380 inania
736 2333 779 2378 tibi
789 2329 937 2394 persuadent.
946 2329 998 2376 Vid.
1012 2331 1091 2392 Heyne
1102 2327 1132 2374 ad
1141 2331 1205 2392 Virp.
1218 2333 1267 2376 AEn.

226 2397 260 2454 X,
276 2399 328 2446 6³1.
340 2402 387 2449 Sed
402 2402 464 2448 coni.
477 2414 526 2448 not.
539 2417 628 2466 oepuore
641 2417 710 2449 venet
722 2403 752 2448 A.
763 2401 828 2466 o.,f.
842 2400 927 2447 iamim
935 2416 960 2463 p.
974 2400 1064 2458 emend.
1079 2401 1157 2446 turm.
1170 2401 1267 2464 suffrag.

226 2572 325 2644 placuit
333 2578 407 2649 virg.
417 2577 554 2644 demvm,
564 2579 613 2649 671
626 2597 666 2650 aq.
678 2579 725 2632 ubi
769 2580 804 2635 ad
817 2599 874 2651 qnoe
891 2579 952 2631 ioca
963 2575 1016 2630 vid.
1029 2577 1119 2648 Heyne
1133 2585 1159 2630 et
1172 2575 1268 2630 Cerda.

227 2671 298 2706 mare
312 2656 380 2710 inter
392 2641 501 2725 terrain,
515 2675 572 2728 quar
590 2659 618 2710 in
635 2657 724 2710 medio
804 2659 855 2729 457
867 2677 907 2734 'qt
917 2657 998 2709 Poeta
1010 2655 1087 2721 illuc,
1099 2654 1169 2707 unde
1179 2673 1204 2706 v.
1215 2651 1267 2726 395

228 2731 305 2804 clipei
322 2749 376 2802 est,
393 2749 419 2788 et
434 2737 519 2789 infera
533 2738 593 2790 loca
604 2741 722 2810 ponitur.
769 2739 885 2803 abierat,
897 2737 1162 2801 redit-senescere,
1173 2734 1270 2788 debili·

229 2811 280 2866 Scd
288 2815 384 2868 incidit
394 2818 421 2869 in
431 2816 557 2888 Scpliam,
567 2816 630 2871 dum
640 2819 726 2872 voluit
769 2821 833 2884 teri,
852 2820 937 2884 fame,
953 2816 1050 2888 vigitiis
1062 2815 1174 2886 aliisque
1191 2815 1267 2866 malie

227 2894 309 2948 vitare
316 2894 485 2968 Charybdim.
494 2897 595 2950 Subtiie
603 2911 673 2952 certe
682 2918 725 2951 ar-
770 2899 906 2964 conaumi,
921 2910 953 2948 ut
966 2893 1087 2964 papicum
1101 2913 1144 2966 ap.
1154 2892 1268 2946 Theoer.

225 2975 260 3025 tia
266 2975 399 3043 judicium
408 2994 462 3028 non
472 2978 589 3050 megitia
597 2995 643 3045 eo,
652 2978 726 3048 quod
769 2978 829 3045 ΧΠ,
840 2997 869 3046 2,
881 2991 908 3031 et
919 2979 996 3030 Hom.
1009 2977 1040 3030 11.
1054 2976 1088 3036 8,
1105 2976 1170 3038 36οῑ
1188 2975 1271 3027 valla·

228 3053 321 3107 durius
333 3054 425 3108 orbem
440 3056 519 3128 clipei
531 3057 627 3124 ambit,
646 3077 726 3130 quam
771 3059 814 3124 tis,
825 3057 896 3111 vello
905 3060 1047 3110 Poenorum
1057 3056 1158 3108 cinctis.
1168 3084 1205 3094 -
1215 3053 1270 3107 dos·

228 3133 302 3206 quod
317 3135 356 3186 ibi
371 3137 515 3206 trajicitur,
527 3135 676 3196 declaratae
688 3139 727 3190 vi·
771 3139 815 3204 tis,
835 3137 981 3210 Saguntini.
998 3163 1034 3174 —
1047 3134 1108 3200 458.
1125 3133 1191 3196 dics,
1205 3144 1271 3184 tem-

229 3213 315 3268 detur.
770 3235 834 3290 pua,
852 3216 978 3288 temporis
995 3213 1118 3284 epatium.
1129 3241 1164 3254 -
1178 3213 1271 3282 Carpe·

264 3294 312 3360 451
321 3331 330 3360 ,
340 3295 401 3362 452.
409 3295 469 3348 vid.
478 3295 513 3348 ad
520 3299 544 3362 1,
555 3296 613 3366 294.
621 3325 658 3336 ·-
665 3297 726 3363 453,
771 3315 810 3360 re,
820 3309 849 3346 ut
856 3294 939 3359 editur
946 3307 972 3345 et
980 3291 1099 3358 φθινύθειν,
1108 3289 1270 3358 adtendere,

228 3372 725 3446 sublimis,superbus,eiatus.-454.
772 3375 907 3440 adterere,
926 3389 1083 3426 consumere
1101 3369 1229 3442 paulatim
1243 3383 1271 3424 et

228 3453 320 3518 alere,
330 3457 417 3527 eapite
428 3467 516 3507 erecto
531 3468 558 3508 et
567 3454 688 3527 obstipo,
698 3454 725 3508 h.
771 3455 899 3506 minuere.
911 3454 953 3506 Cf.
963 3449 1043 3502 Drak.
1054 3447 1123 3504 adh.
1135 3449 1153 3502 l.
1164 3461 1190 3501 et
1200 3451 1270 3503 Gro-

230 3532 257 3584 in
270 3547 370 3606 tergum
383 3536 461 3587 nimis
471 3533 614 3604 reclinato,
625 3537 727 3588 cervice
772 3551 833 3584 nov.
852 3533 886 3586 ad
904 3535 964 3586 Scn.
984 3532 1061 3583 Herc.
1080 3531 1141 3582 Fur.
1162 3530 1222 3599 874.
1235 3561 1269 3572 -

229 3611 328 3686 rigida,
338 3616 383 3685 qni
391 3613 500 3666 habitae
511 3627 551 3668 eat
559 3614 674 3670 hominia
685 3634 728 3667 au·
771 3643 807 3652 -
821 3613 894 3686 signa
911 3629 1055 3683 manusque
1065 3609 1157 3676 seciae,
1172 3609 1270 3665 auxilia

228 3691 726 3764 perbiettibiedmodnmconfidentia.
771 3693 962 3744 Romanorum.

228 3771 271 3826 sic
284 3772 389 3828 uceiaua
399 3773 456 3826 haec
467 3791 592 3846 corpore,
600 3774 726 3846 vultuque
807 3769 867 3840 459.
876 3771 941 3843 fessi
950 3788 975 3822 v.
988 3768 1024 3822 ad
1033 3773 1056 3836 1,
1067 3769 1126 3822 566.
1137 3801 1173 3810 -
1181 3789 1270 3845 oequo-

230 3853 266 3904 ita
279 3853 355 3920 lato,
372 3866 402 3906 ut
416 3855 509 3906 vicinae
520 3855 576 3922 jnrn
589 3852 727 3918 crederes,
772 3870 798 3904 re
808 3869 888 3915 vano,
903 3848 974 3922 quod
986 3867 1054 3902 vana
1066 3864 1093 3902 et
1105 3851 1196 3904 inania
1206 3872 1271 3923 pro-

231 3931 358 3986 dicebat·
377 3951 420 4006 ap.
437 3932 493 3986 Liv.
510 3933 598 4000 XXX,
615 3933 665 3996 32;
682 3933 727 3986 nbi
772 3929 907 3996 mittebat,
924 3927 998 4000 quod
1010 3929 1110 3982 frustra
1122 3929 1271 4002 polliceba-

231 4010 477 4066 delinimentis.
490 4013 546 4066 Cic.
554 4013 633 4064 Tuan.
642 4015 674 4076 V,
688 4014 729 4079 14,
773 4026 824 4075 tur,
835 4011 945 4064 classem
957 4011 1138 4061 Romanorum
1150 4027 1211 4059 mox
1223 4007 1271 4060 ad-

231 4105 257 4148 et
272 4092 318 4144 Or.
335 4096 360 4161 1,
372 4093 415 4160 4ο.
429 4121 465 4132 -·
475 4090 542 4158 455,
556 4089 615 4159 456.
633 4091 726 4144 imitat.
773 4103 909 4144 venturam
922 4107 989 4142 este.
999 4090 1039 4142 cf,
1052 4089 1142 4160 Heyne
1156 4085 1190 4137 ad
1197 4087 1270 4157 Virg.

231 4173 301 4242 virg.
313 4174 352 4226 Ε.
367 4177 406 4238 11,
416 4172 595 4237 582,ervn1‚
608 4168 658 4239 537
671 4187 728 4242 sqq.
776 4173 832 4226 AEn.
845 4175 869 4236 1,
882 4171 941 4240 39²·
954 4170 997 4222 Sic
1007 4183 1032 4222 et
1040 4169 1167 4240 frustrata
1179 4162 1272 4229 litora,
