3054 4666
273 409 336 492 354
588 410 624 472 u.
648 407 773 492 sinn
797 410 994 477 tuantur

271 557 346 620 Non
359 574 472 642 sopor,
485 567 541 616 aut
552 551 656 616 menti
668 553 800 642 requies
813 576 819 616 :
833 553 900 642 agit
910 561 1007 642 asper
1018 554 1136 620 acerba
1283 571 1317 618 to

271 663 367 726 Nunc
379 663 477 748 Mago
488 657 668 738 adtonitos,
682 682 771 726 nunc
782 659 905 726 arduus
918 661 1083 728 Hannibal
1094 659 1197 730 besta.

315 769 488 845 Serranus,
501 765 626 830 clarum
638 787 777 846 nomen,
790 781 860 845 tua,
874 766 1015 855 Bergule,
1027 767 1152 857 proles²

269 875 335 957 Qui
345 873 482 961 longum
495 893 627 959 semper
639 871 725 937 fame
738 871 896 961 gliscente
907 894 968 960 per
979 895 1101 953 aevum,

269 978 384 1045 Infidis
398 999 542 1044 servasse
555 975 656 1044 fidem
668 965 896 1046 memorabere
908 980 1032 1060 Poenis,
1301 1061 1303 1066 A

267 1087 364 1152 Flore
376 1086 485 1151 nitens
498 1084 621 1172 primo,
634 1085 749 1176 patriis
761 1083 842 1148 heu!
856 1086 979 1150 Punica
990 1084 1077 1164 bella
1281 1098 1312 1146 65

266 1192 429 1280 Auspiciis
440 1191 605 1278 ingressus
619 1207 703 1270 erat,
716 1189 937 1280 miseramque
949 1207 1134 1280 parentem,

266 1299 309 1362 Et
321 1295 433 1362 dulces
446 1296 529 1361 tristi
541 1293 714 1383 repetebat
725 1312 812 1361 sorte
824 1313 963 1383 penates

265 1402 410 1468 Saucius.
424 1399 522 1468 Haud
534 1401 581 1464 illi
593 1402 752 1466 comitum
764 1423 864 1489 super
875 1400 977 1480 ullus,
990 1419 1023 1468 et
1035 1402 1114 1468 atris

265 1509 467 1575 Vulneribus
482 1511 539 1598 qui
552 1508 653 1573 ferret
665 1530 765 1595 opem
777 1531 783 1572 :
796 1506 980 1597 perdentia,
993 1510 1103 1576 fractae

263 1617 413 1682 Innitens
425 1617 540 1696 hastae,
555 1616 711 1704 furtoque
724 1632 857 1704 ereptus
871 1637 981 1704 opacae

264 1724 392 1804 Noctis,
404 1723 469 1786 'iter
480 1721 615 1787 tacitum
626 1722 783 1786 Perusina
796 1720 924 1788 ferebat
936 1721 971 1786 in
981 1744 1072 1800 arva,

202 1818 205 1826 ¹
263 1832 312 1896 Ac
324 1830 428 1894 fessus
440 1829 532 1917 parvi
546 1833 782 1917 (quaecumque
796 1825 840 1892 ibi
853 1828 918 1894 fata
930 1826 1107 1911 darentur)
1152 1823 1155 1829 ’

264 1935 394 2000 Limina
406 1933 557 2021 pulsabat
570 1935 662 2014 tecti3
676 1957 779 2023 quum
791 1933 940 1999 membra
951 1932 1052 1999 cubili

265 2039 429 2105 Evolveus
442 2061 510 2102 non
522 2036 614 2102 tarda
626 2039 737 2104 Marus
749 2042 862 2124 (vetus
875 2039 929 2105 ille
941 2039 1086 2127 parentis

264 2144 379 2224 Miles,
393 2159 425 2207 et
437 2140 527 2208 haud
539 2140 638 2206 surda
650 2157 803 2207 tractarat
813 2143 925 2231 praelia
937 2146 1041 2228 fania)
1280 2155 1309 2218 75

294 2305 334 2351 62.
342 2305 422 2350 Genti·
430 2301 500 2349 Atilia
508 2317 638 2364 cognomen
645 2304 668 2348 in
677 2302 752 2349 numis
760 2315 783 2350 et
790 2319 895 2350 marmur.
904 2305 1016 2350 San-unus
1024 2315 1047 2351 et
1056 2304 1157 2350 samm
1164 2301 1309 2359 nctibbacle·

265 2375 330 2421 nictit
342 2373 458 2429 Samnis,
469 2374 552 2437 Tyriis,
564 2372 588 2419 h.
602 2388 623 2419 e.
636 2373 724 2429 Punin,
738 2373 798 2435 (rid.
811 2375 869 2430 adl,
880 2375 924 2436 72)
936 2373 972 2420 rel
982 2376 1059 2436 potius
1068 2390 1081 2421 a
1091 2375 1202 2430 Sumne,
1213 2373 1308 2435 antique

265 2445 367 2492 Umbriae
379 2445 479 2506 oppido,
491 2445 553 2491 unde
565 2448 698 2492 Sarranates
709 2445 763 2492 dicti
772 2445 829 2491 Plln.
840 2447 887 2502 111,
902 2445 942 2504 14,
955 2458 1050 2493 monent
1058 2445 1160 2493 Dralten.
1170 2444 1201 2490 ad
1209 2443 1233 2490 b.
1245 2442 1261 2488 l.
1272 2456 1309 2501 et,

264 2518 305 2580 qui
314 2515 344 2564 de
353 2516 437 2563 familie
444 2517 511 2564 Atilia
517 2517 647 2564 ductistime
657 2520 711 2578 egit,
721 2516 854 2581 multosque
863 2517 969 2581 vulgaret
977 2533 1067 2566 encres
1076 2516 1196 2572 refutavit,
1204 2517 1310 2562 Pei-iton.
1331 2569 1333 2574 A

222 2629 225 2634 .
264 2583 384 2634 Anlmndt'.
394 2588 448 2634 hiet.
460 2605 481 2635 e.
496 2605 520 2645 r,
530 2603 554 2650 p.
566 2587 594 2644 nl
607 2598 630 2633 et
640 2584 677 2634 33.
687 2587 808 2649 Vulgatam
819 2590 954 2650 scripturam
965 2590 1075 2635 &nunus
1083 2598 1178 2633 tuentur
1188 2585 1267 2630 lleint.
1280 2585 1311 2631 ed

265 2659 331 2720 virg.
344 2661 392 2704 AEn.
404 2661 449 2716 Vl,
461 2657 520 2716 845,
534 2659 620 2718 etalii,
634 2662 674 2727 qni
689 2671 785 2722 propter
796 2657 927 2716 historiam,
941 2675 968 2704 ex
985 2660 1033 2706 Cle.
1050 2661 1116 2704 Ruec.
1133 2661 1210 2702 Amer.
1227 2671 1248 2700 c.
1269 2654 1311 2710 18,

266 2729 324 2776 Plin.
336 2731 424 2786 xvnt,
437 2731 464 2786 3,
477 2742 500 2776 et
512 2731 562 2776 Vel.
575 2733 636 2780 Mer.
649 2733 690 2789 lv,
703 2745 737 2788 tv,
752 2731 778 2787 5,
789 2733 942 2787 aeditimum,
956 2731 1053 2778 Smne
1061 2729 1107 2777 boe
1117 2743 1201 2776 nomen
1212 2741 1225 2773 a
1236 2741 1312 2773 seren·

266 2802 296 2848 do
307 2802 404 2848 inditum
412 2813 502 2864 putant.
515 2802 561 2848 Sed
571 2804 625 2850 inde
636 2805 713 2866 potius
728 2807 837 2858 Serenus,
846 2801 884 2848 rel
897 2803 996 2850 Semnus
1008 2815 1071 2849 certe
1085 2801 1197 2850 dicendus
1210 2799 1310 2846 videtur.

267 2895 299 2909 -
310 2887 348 2935 7²·
361 2871 408 2928 Ac,
422 2887 469 2918 non
483 2873 539 2928 Hic,
552 2873 602 2918 Col.
618 2886 640 2921 et
654 2877 680 2920 ll.
698 2889 723 2930 ας
740 2873 795 2920 Mox
807 2873 848 2928 itt,
866 2888 913 2918 non
931 2871 978 2929 lu'c,
990 2871 1027 2918 rel
1041 2871 1101 2928 ber'c,
1117 2882 1140 2917 et
1155 2887 1177 2916 v.
1191 2868 1233 2932 733
1245 2883 1310 2924 cnm,

266 2960 315 2992 non
327 2953 386 3002 nrm,
397 2947 421 2989 in
434 2945 532 3006 seriptis.
541 2969 574 2980 -
585 2945 622 3008 74.
631 2948 682 3010 jam
694 2946 758 2992 tarda
772 2945 802 2992 ob
813 2955 957 2992 senectutem
969 2946 1054 3007 corrig.
1066 2942 1144 2990 Barth.
1156 2941 1214 2988 Λᾶν.
1226 2942 1252 2999 l,
1268 2939 1310 2998 1³,

266 3109 302 3120 -
314 3081 357 3132 61.
370 3079 482 3144 ardum,
494 3089 525 3130 ut
536 3078 609 3150 apud
619 3080 693 3152 Virg.
704 3055 762 3134 AEu.
807 3081 920 3151 lugiens.
932 3109 967 3120 -
973 3079 1081 3151 flauum
1093 3076 1184 3132 Noctis
1193 3089 1223 3129 ut
1236 3073 1308 3148 apud

266 3159 320 3224 nt,
335 3158 379 3212 53.
808 3159 880 3212 Curt.
892 3155 1307 3230 1v‚x1n‚9‚etfitrumdtotap.
1395 3183 1398 3190 ·

302 3238 346 3289 62.
366 3237 502 3303 Serranus,
521 3236 549 3292 b.
571 3256 594 3290 e.
615 3238 651 3288 M.
670 3237 764 3290 Atilius
808 3239 973 3304 Liv.xxv1‚
986 3235 1185 3308 51.-fiunri,
1198 3231 1310 3288 urnis

267 3316 398 3387 Regulus,
411 3318 487 3386 cujus
501 3319 572 3388 petri
581 3314 653 3370 idem
667 3335 765 3370 nomen
809 3336 855 3370 nur
872 3329 928 3384 est,
946 3317 1015 3368 clam
1028 3315 1112 3368 altero
1125 3315 1191 3386 qnid
1206 3315 1308 3380 facere,

268 3407 339 3462 erat,
354 3395 407 3446 vid.
420 3397 456 3448 nd
468 3397 505 3462 ll,
517 3397 542 3449 8.
554 3425 589 3436 -
600 3395 649 3460 65,
662 3397 704 3450 66.
714 3415 766 3469 pa·
804 3393 863 3462 rid.
882 3396 998 3448 Peritnn.
1017 3394 1052 3447 ad
1064 3393 1159 3448 AEliun.
1167 3397 1199 3446 V.
1212 3394 1245 3446 ll.
1258 3395 1308 3456 lll,

267 3477 323 3528 tn'is
331 3474 473 3546 Auspicib,
484 3492 557 3546 teque
567 3474 722 3540 infeliciter,
734 3493 766 3526 ae
811 3493 834 3526 c.
847 3475 895 3528 ult.
908 3475 948 3528 Cf.
965 3474 1000 3528 ad
1009 3476 1070 3540 Vll,
1082 3475 1142 3544 487.
1154 3504 1190 3514 -
1201 3491 1243 3544 γι.
1257 3473 1309 3526 Pe-

267 3567 359 3626 peter‚
371 3553 438 3607 Cell.
448 3553 509 3608 680.
522 3583 557 3595 -
567 3554 610 3606 68.
620 3571 703 3626 super,
713 3555 766 3607 sci·
811 3557 896 3622 rusia,
915 3553 979 3607 hod.
1000 3555 1129 3629 Pentele,
1150 3553 1214 3606 urbe
1230 3553 1309 3604 Etru-

266 3632 330 3686 licet
345 3645 418 3698 erat,
434 3633 477 3687 vel
493 3647 627 3706 superstes
644 3646 717 3699 erat,
736 3646 766 3684 ut
810 3635 868 3698 rite,
882 3637 959 3706 juxta
968 3634 1100 3700 Tiberim,
1117 3633 1151 3686 ab
1168 3633 1252 3685 alteru
1270 3631 1310 3686 la·

269 3705 696 3785 ap.Virg.AEn.lll‚489.-—ntris
705 3712 768 3768 an·
810 3729 865 3768 tere
883 3715 1038 3787 Trasymeni
1058 3714 1149 3776 lacus,
1171 3712 1217 3782 qui
1236 3730 1309 3768 nunc

268 3793 382 3857 neribus,
395 3806 425 3844 ut
436 3793 559 3865 ap.Virg.
573 3793 631 3843 AEn.
642 3791 687 3858 ΙΧ,
700 3809 766 3860 700,
810 3795 880 3868 Luqo
903 3794 931 3847 dt
956 3795 1070 3866 Peruqia
1091 3791 1196 3844 dicitur.
1212 3821 1247 3831 -
1265 3809 1308 3861 7²·

267 3885 379 3944 propter
389 3874 546 3944 sanguinem
559 3882 654 3923 etrum.
667 3869 766 3926 confer
810 3872 1311 3948 quaecumqueibifntadurenturquem·

268 3951 351 4004 Dmk.
362 3963 389 4003 et
398 3949 474 4018 mlv,
488 3951 545 4004 165.
553 3967 639 4020 —7o.
649 3949 767 4002 Innitens
811 3971 925 4024 cumque
935 3971 1025 4006 casum
1036 3951 1176 4004 foralerat.
1185 3951 1309 4012 Nescius,

268 4028 361 4097 barte,
370 4027 437 4095 lma
449 4025 595 4096 intulimus,
606 4030 683 4080 Hom.
696 4027 725 4081 Il.
736 4029 766 4095 ξ,
811 4030 895 4086 bostis
905 4031 981 4096 inde,
995 4049 1029 4084 an
1040 4032 1139 4084 amiens
1152 4029 1308 4103 proditurus

269 4109 318 4173 38,
331 4121 357 4158 et
369 4128 396 4168 ο,
410 4109 452 4176 49.
463 4105 540 4158 Cuul.
550 4109 623 4179 Virg.
636 4110 693 4162 AEu.
705 4107 767 4174 xit,
811 4113 859 4178 sit,
877 4111 941 4166 Cell.
952 4141 986 4152 ·-·
999 4109 1041 4182 75.
1057 4111 1160 4177 snrtlnt,
1178 4123 1209 4164 ut
1221 4107 1307 4172 neele,

270 4187 336 4254 386,
352 4188 411 4258 396.
424 4217 459 4228 ·-
470 4199 583 4260 ereptas,
597 4205 625 4242 te
638 4189 767 4260 eripiens,
812 4192 916 4262 postire
930 4189 1044 4258 dicitur,
1058 4192 1105 4264 qni
1118 4209 1174 4245 non
1188 4189 1309 4254 metm,
