2958 4676
441 434 953 504 summissionem.
1153 445 1215 532 577

176 574 300 662 Scipio,
313 596 481 640 conversae
493 576 664 640 miseratus
675 593 764 664 terga
777 579 936 660 cohortis,

178 682 220 744 Et
232 680 341 744 cuncti
353 681 427 744 fons
438 681 543 745 Varro
555 681 646 759 mali,
660 682 832 772 flavusque
843 707 1012 752 comarum

177 786 291 863 Curio,
305 786 487 870 etaprimo
500 785 705 851 descendens
717 789 854 854 consule
866 793 996 858 Brutus.
1170 811 1216 867 tit

163 911 165 915 ’
177 893 285 980 Atque
298 890 349 955 his
361 890 442 954 fulta
455 889 532 954 viris
544 891 630 956 acies
642 909 808 979 repararet
819 892 989 961 ademtam

175 997 267 1062 Mole
279 1019 364 1062 nova
376 1021 545 1084 campum,
558 997 668 1063 subito
679 1000 715 1062 ni
727 999 859 1066 turbine
872 1005 992 1069 Poenus

176 1104 313 1191 Agmina
325 1103 485 1168 frenasset
491 1103 558 1192 jam
571 1105 800 1190 procurrentia
811 1104 939 1172 ductor.

175 1210 275 1296 lsque
287 1224 324 1272 ut
336 1210 517 1273 Varronem
527 1209 646 1294 procul
657 1208 743 1272 inter
754 1209 865 1298 praelia
876 1211 974 1292 vidit,

174 1315 217 1378 Et
221 1313 315 1403 juxta
326 1312 438 1402 sagulo
451 1313 710 1378 circumvolitare
723 1314 856 1380 rubenti
1174 1337 1220 1396 tao

174 1419 354 1500 Lictorem;
371 1403 503 1484 «Nosco
515 1441 686 1506 pompam,
699 1435 798 1509 atque
811 1421 951 1508 insignia
962 1445 1081 1490 nosco:

176 1522 355 1588 Flaminius
364 1522 468 1588 modo
480 1523 567 1603 talis,
581 1554 594 1582 u
609 1523 664 1590 ait
676 1525 764 1588 Tum
776 1524 924 1592 fervidus
931 1551 1045 1594 ‚acrem

179 1629 322 1717 lugentis
334 1628 431 1716 clipei
443 1629 568 1694 tonitru
580 1630 777 1717 praenuntiat
790 1631 882 1698 iram

219 1735 295 1798 Heu
307 1733 420 1797 miser!
434 1735 556 1822 aequari
569 1735 704 1821 potuisti
718 1735 834 1806 funere
847 1737 962 1816 Paulo,
1140 1809 1142 1816 s

174 1840 208 1906 si
220 1839 279 1904 tibi
292 1861 359 1903 non
372 1839 418 1904 ira
430 1840 594 1927 Superum
606 1856 685 1906 tunc
699 1857 786 1908 esset
797 1839 967 1906 ademtum
1175 1862 1219 1921 tas

174 1946 368 2013 Hannibalis
381 1945 539 2014 cecidisse
551 1969 661 2012 manu.
675 1950 781 2032 Quam
793 1971 880 2036 saepe
894 1972 1048 2039 querere,

174 2056 295 2132 Varro,
308 2054 400 2132 Deis,
409 2052 505 2142 quod
518 2053 691 2121 Sidonium
704 2052 870 2142 defugeris
883 2057 1017 2120 ensem?

174 2161 274 2241 Nam,
287 2157 403 2249 rapido
416 2157 557 2224 subitam
566 2174 703 2248 portans
716 2161 749 2224 in
763 2176 869 2224 morte
882 2160 1019 2225 salutem

174 2267 354 2343 Procursn,
366 2279 473 2352 coepta
485 2265 519 2328 in
532 2287 604 2330 sese
617 2264 806 2330 discrimina
818 2266 915 2330 vertit

173 2371 282 2460 Scipio
295 2395 302 2434 :
315 2393 378 2435 nec
390 2373 542 2450 Poenum,
557 2393 757 2464 quamquam
770 2387 819 2436 est
832 2388 964 2460 ereptus
978 2373 1097 2460 opimae
1172 2389 1218 2446 430
1231 2397 1232 2400 ’

204 2544 259 2602 416.
272 2554 394 2613 repommt
404 2547 464 2607 conj.
481 2547 510 2592 ll.
524 2547 601 2592 lleins.
615 2545 707 2594 frustra.
724 2571 755 2582 -
768 2544 822 2607 429.
840 2546 875 2591 Sic
891 2544 953 2592 idem
966 2543 1081 2605 vulgatum
1095 2546 1219 2600 lectionem

166 2623 247 2678 tempto
260 2631 308 2662 sese
322 2619 345 2660 in
355 2616 378 2662 d.
391 2633 413 2662 v.
429 2615 572 2670 emendarum
586 2620 681 2680 inempta
694 2631 743 2663 sese
754 2616 776 2661 d.
789 2617 832 2660 01.
841 2628 868 2661 ,er
879 2615 931 2662 Put.
947 2617 1043 2676 incepta
1053 2631 1102 2662 sese
1112 2621 1143 2663 ad
1155 2620 1178 2665 d.
1191 2622 1218 2668 Η,

174 2689 203 2744 35
215 2691 302 2751 imepra
311 2688 342 2736 ad
349 2702 398 2736 sere
408 2689 432 2736 d.
445 2691 471 2735 R.
482 2704 495 2734 ι
507 2688 603 2736 estred.

209 2841 270 2910 414.
281 2841 370 2917 flaviis
385 2859 533 2903 cantamen,-
548 2842 583 2894 cf.
599 2839 632 2892 ad
645 2844 670 2902 l,
715 2840 758 2892 his
769 2827 1052 2910 insignibnsprnatus:
1067 2839 1218 2911 quodacer·

174 2919 236 2988 438.
249 2949 284 2958 —
293 2919 354 2986 416.
365 2920 431 2972 acies
441 2921 517 2971 Rom.
531 2928 671 2991 repararet,
715 2918 750 2972 he
764 2932 790 2970 et
804 2917 933 2993 invidiose
946 2918 1165 2984 dietum—423.
1179 2934 1215 2974 to·

174 3010 415 3068 reparasset,.nova
423 2997 505 3064 mole,
515 2999 590 3050 noris
601 2999 673 3050 auxi-
716 3001 785 3050 nitur
799 2997 890 3070 clipei,
911 3000 1033 3070 quatiens
1051 3016 1125 3063 eum,
1139 3019 1215 3053 more

173 3075 451 3149 liis,opemnltorum
462 3096 671 3150 magnorumque
715 3076 842 3144 heroum,
857 3075 902 3128 ad
926 3089 1053 3128 terrorem
1081 3078 1215 3132 incutien-

173 3159 307 3222 rirorum,
325 3175 448 3230 canrpum
468 3159 613 3222 ademtam,
633 3177 673 3209 re·
716 3156 788 3208 dum.
801 3155 842 3206 Cf.
860 3156 903 3220 lV,
918 3155 983 3223 434,
996 3167 1022 3207 et
1035 3155 1068 3208 ab
1084 3158 1145 3207 Ern.
1157 3160 1215 3226 jem

173 3241 303 3290 stituisset
317 3257 450 3310 pugnam,
464 3257 519 3291 rem
535 3241 562 3290 in
580 3239 671 3308 lugam
715 3235 840 3288 laudatus
856 3235 928 3306 virg.
942 3233 1044 3312 AEneid.
1060 3229 1132 3301 Vlll,
1145 3235 1212 3305 3543

174 3318 344 3386 inclinatam,
357 3319 407 3371 nisi
416 3319 523 3384 Poenns,
538 3317 671 3371 Hannibal
714 3317 776 3378 ΧΠ,
787 3315 852 3381 332,
863 3313 898 3366 ad
909 3331 966 3384 quae
978 3313 1040 3366 loca
1047 3314 1099 3366 vid.
1111 3317 1212 3387 Heyne.

172 3399 281 3472 cymino
289 3399 362 3450 Rom.
366 3397 508 3469 frenasset,
519 3415 610 3449 eorum
622 3399 671 3448 im-
750 3395 802 3462 424
814 3412 872 3465 sqq.
883 3393 1048 3465 Scipionem,
1061 3396 1136 3464 cujus
1147 3414 1213 3466 prae-

173 3491 265 3550 petum
274 3477 548 3544 inhibuisset-417.
559 3476 669 3540 turbiue,
715 3474 799 3544 cipuae
815 3475 843 3524 in
859 3473 911 3524 hoc
928 3472 1000 3526 bello
1016 3485 1107 3544 partes
1122 3475 1212 3544 fuere,

173 3559 293 3628 impetu:
312 3575 369 3627 quae
381 3574 431 3607 vox
449 3568 475 3608 et
494 3555 528 3607 ad
544 3556 669 3619 Poenum,
715 3571 769 3605 non
783 3555 944 3619 Varronem,
964 3555 992 3604 in
1009 3567 1143 3607 certamen
1159 3557 1213 3607 sin-

175 3652 201 3690 et
214 3637 248 3690 ad
261 3635 366 3710 aqmr'nu
372 3637 670 3708 jamlprocurrentiare·
714 3634 806 3706 gulare
822 3652 882 3686 cum
899 3634 1047 3686 Hannibale
1055 3633 1213 3688 descendis-

174 3719 239 3772 ferri
251 3728 347 3788 potest.
715 3733 756 3782 se,
769 3735 822 3768 non
833 3718 889 3767 sine
901 3714 1001 3784 judicio
1014 3727 1093 3786 poeta
1103 3721 1212 3769 commi·

210 3799 270 3866 420.
287 3797 325 3848 Ex
336 3795 409 3848 hisee
421 3813 522 3847 morem
536 3795 671 3848 Romano·
715 3799 840 3860 niscitur3
850 3797 981 3868 quodjurn
990 3795 1211 3853 observavitErn.

173 3897 234 3931 rom
249 3894 395 3948 cognosce,
412 3878 484 3928 nein
500 3893 593 3947 pugnae
610 3876 672 3946 qui·
715 3905 751 3916 -
771 3877 917 3928 Varronem
941 3875 1094 3947 adloquitur
1116 3891 1214 3946 poeta,

173 3957 235 4010 (lem
249 3958 353 4009 fervore
365 3955 471 4008 lictores
481 3975 496 4007 a
507 3955 615 4006 consule
629 3973 671 4006 re·
715 3975 764 4008 nec
784 3959 840 4008 sine
858 3973 1000 4008 sarcasmo.
1012 3985 1047 3995 -
1059 3954 1120 4022 425.
1133 3957 1211 4008 Conl.

174 4040 299 4105 cessisse,
313 4037 474 4109 eosdemque
489 4051 543 4087 tum
555 4037 616 4087 rufo
630 4055 672 4087 ea·
716 4053 774 4105 sup.
787 4054 811 4085 v.
828 4035 1031 4101 160.-428.1'n
1042 4045 1137 4098 morte,
1149 4033 1213 4084 Var-

173 4119 238 4192 gula
252 4120 377 4182 amietos;
390 4116 454 4170 Cell.
468 4117 503 4168 cf.
514 4115 670 4184 ale,517.
716 4116 775 4165 roni
797 4117 941 4166 inminente
963 4114 1054 4164 mortis
1075 4112 1211 4184 periculo,

210 4199 271 4270 4²²·
284 4194 429 4252 Flaminius
438 4214 523 4272 nuper
534 4193 592 4250 talis
600 4207 672 4262 erat,
716 4205 747 4246 ut
757 4210 819 4246 mou
828 4204 909 4266 rupta
918 4191 1211 4268 discrimina-limo.

248 4303 272 4340 ι.
1030 4279 1062 4346 37
