3054 4666
510 447 821 514 PUNlGORUM
845 447 937 512 LIB.
961 449 1000 511 V.
1213 447 1275 514 303

237 587 379 653 Celticus
392 605 522 654 ornarat
535 612 646 669 cruor,
659 587 877 680 humentique
890 588 952 654 sub
963 608 1073 667 antro,

236 693 306 756 Ceu
319 693 439 772 letum,
452 694 528 782 lupa
543 694 752 783 permulcens
765 694 904 783 puerilia
916 693 1077 774 membra,

238 799 411 887 lugentem
423 800 569 865 Assaraci
582 800 662 864 caelo
674 799 820 865 nutribat
831 800 1012 864 alumnum.
1240 811 1279 868 ¹45

239 905 327 969 Hinc
339 928 453 971 ensem
464 906 572 986 lateri,
585 906 775 995 dextrosque
787 905 1022 972 adcommodat
1033 905 1169 971 hastam.

238 1009 307 1078 Stat
317 1013 464 1100 sonipoS,
478 1029 640 1102 vexatque
652 1012 746 1079 ferox
758 1011 929 1078 bumentia
941 1013 1047 1091 frena,

240 1117 428 1182 Ceremiam
442 1118 597 1184 instratus
609 1118 736 1206 uirgato
749 1137 888 1206 corpore
900 1118 1020 1206 tigrim.

241 1219 323 1285 lnde
336 1239 492 1312 exceptus
505 1245 607 1314 equo,
621 1247 686 1312 que
698 1221 777 1288 dant
789 1239 926 1311 augusta
937 1223 1080 1304 viarum,

240 1329 337 1393 Nunc
349 1327 425 1408 hos,
438 1353 526 1396 nunc
538 1331 611 1395 illos
623 1329 707 1408 adit,
720 1343 820 1420 atquo
833 1330 1017 1396 hortatibus
1028 1329 1133 1418 inplet
1142 1355 1156 1410 z,
1243 1346 1284 1392 150

245 1435 422 1499 «Vestrum
435 1458 519 1524 opus
532 1451 582 1501 est
593 1453 807 1525 vestrumque
820 1434 936 1516 decus,
950 1433 1074 1502 subfixa
1087 1459 1147 1525 per
1160 1435 1285 1502 Urbem

243 1541 334 1604 Poeni
346 1543 431 1607 ferre
444 1541 537 1608 ducis
550 1542 729 1632 spectanda
739 1545 933 1632 parentibus
945 1565 1012 1608 ora.

244 1647 356 1710 Unum
368 1647 432 1712 hoc
444 1671 504 1737 pro
517 1650 643 1715 cunctis
655 1665 705 1714 sat
718 1643 780 1715 erit
791 1664 907 1738 caput:
921 1665 1036 1740 aspera
1049 1650 1189 1739 quisque

244 1753 459 1819 Hortamenta
471 1754 532 1819 sibi
544 1756 667 1821 referat
677 1779 685 1820 ¹:
699 1777 807 1834 meus,
820 1753 901 1820 heu!
916 1778 1009 1820 meus
1021 1755 1098 1820 atris

243 1903 279 1958 ll,
289 1902 347 1960 454,
361 1915 384 1950 et
396 1904 500 1952 arridere
509 1917 595 1966 potest.
604 1928 636 1942 -
647 1905 698 1964 145.
711 1908 805 1952 notovit
813 1905 870 1951 Tell.
884 1915 907 1952 et
916 1908 943 1952 tt.
957 1919 983 1962 23
996 1903 1109 1951 abolebat
1119 1917 1143 1950 ot
1153 1905 1256 1951 Assorr'ct'
1265 1906 1289 1950 111

244 1973 331 2036 sliquos
343 1975 395 2022 edd.
406 2001 438 2012 -
449 1975 501 2038 147.
511 1981 653 2038 spumosae,
664 1976 702 2023 sel
712 1978 822 2023 omanus
832 1977 932 2024 malebet
942 1977 972 2023 tt.
984 1977 1062 2022 lisine.
1075 1975 1143 2038 prob.
1155 1973 1224 2022 Dralt.
1238 1975 1289 2022 eoll.

244 2045 276 2100 Χ,
289 2045 346 2102 320;
360 2049 414 2102 llll,
428 2047 486 2103 2543
499 2059 522 2094 et
530 2049 594 2109 virg.
607 2050 657 2094 AEu.
670 2049 712 2102 lv,
729 2047 779 2094 135.
794 2048 840 2093 Sed
855 2060 897 2093 eur
912 2057 985 2109 poete
1002 2050 1091 2093 variare
1108 2061 1156 2093 non
1170 2045 1246 2094 liceat.
1259 2071 1290 2084 -

248 2117 299 2175 154.
311 2121 379 2175 unu,
390 2135 439 2166 non
450 2123 523 2176 ueris,
534 2120 623 2181 scripti,
639 2119 702 2166 Med.
714 2129 738 2165 et
751 2121 832 2166 benet.

245 2241 336 2297 caelata
346 2247 401 2313 ejus
411 2245 528 2315 imago),
541 2262 600 2315 quas
609 2243 744 2296 nutriebat
789 2244 854 2296 talia
878 2262 933 2296 non
959 2245 1121 2315 respiciunt,
1144 2261 1232 2315 neque
1255 2242 1290 2295 ad

245 2322 386 2376 Romulum
399 2323 516 2388 oaelo,b.
528 2341 552 2375 e.
566 2337 596 2374 ut
610 2325 637 2376 iu
652 2317 745 2374 casluin
790 2341 849 2375 sant
871 2323 1046 2376 subtilitatem
1071 2335 1132 2375 sunt
1158 2321 1289 2393 exigendi.

246 2400 390 2472 aliquando
400 2402 745 2474 reciperetur.-eseclibus,
790 2401 869 2455 Gonf.
885 2405 975 2477 lleyne
991 2402 1026 2456 ad
1037 2405 1109 2476 Virg.
1125 2405 1182 2455 AEn.
1196 2403 1229 2470 V,
1246 2404 1289 2473 37.
1306 2425 1309 2431 ·

247 2495 276 2533 ut
287 2486 314 2550 l,
329 2482 389 2536 525.
403 2513 440 2524 -
457 2483 514 2551 145.
528 2483 646 2536 Assaraci
657 2483 747 2534 alum-
792 2485 920 2538 Praeterea
936 2483 1033 2555 pellem
1050 2485 1145 2556 ignotae
1163 2485 1225 2536 feras
1243 2479 1292 2535 nd-

248 2561 675 2634 num,vitl.adlll‚566et7oa.
792 2563 853 2616 vehi
873 2565 993 2636 potuisse
1016 2577 1107 2615 monet
1134 2565 1205 2635 Lips.
1231 2562 1289 2614 Mil.

285 2643 342 2710 146.
353 2643 433 2696 Drnlr.
450 2659 589 2716 comparat
600 2646 673 2715 Virg.
686 2645 744 2698 AEn.
791 2645 867 2698 Rom.
880 2644 926 2711 lll,
938 2662 962 2714 7.
971 2670 1006 2683 -·
1017 2645 1074 2714 149.
1085 2655 1204 2715 exceptus
1213 2661 1290 2716 eqtto,

242 2724 286 2788 ·ll‚
305 2723 374 2794 393,
393 2738 420 2776 et
437 2723 573 2796 gladium,
592 2724 657 2778 belli
675 2737 748 2778 certe
792 2737 822 2778 ut
832 2742 875 2797 sp.
888 2725 961 2796 Virg.
972 2725 1030 2777 AEn.
1040 2725 1079 2793 X,
1092 2724 1150 2795 867.
1162 2723 1243 2777 Dralr.
1256 2753 1292 2765 —

248 2804 340 2856 Punici
348 2804 524 2875 temporibus,
535 2804 569 2856 sd
579 2803 702 2857 dextrum
710 2803 748 2856 la·
791 2805 870 2870 dont,
888 2803 992 2865 Medos,
1010 2806 1172 2876 permittunt.
1183 2833 1220 2844 -
1234 2803 1292 2858 150.

251 2884 334 2938 tussb
344 2885 461 2938 humeris
471 2885 640 2958 pependisse,
650 2885 749 2957 probat
793 2884 933 2936 horroribus
944 2881 1042 2955 inplet,
1055 2886 1090 2936 cf.
1102 2885 1136 2936 ad
1147 2887 1171 2950 l,
1189 2885 1246 2937 105.
1257 2913 1291 2922 -

250 2981 281 3016 ex
292 2965 383 3037 Polyb.
394 2966 444 3031 Vl,
455 2967 556 3030 11,ουὶ
569 2965 615 3017 alii
625 2979 749 3018 auctores
792 2961 904 3037 subfixa,
917 2963 1004 3016 adlixa
1014 2964 1107 3017 hastis.

249 3057 276 3096 et
283 3047 356 3096 numi
364 3063 471 3116 quoque
477 3045 661 3098 adversantur.
668 3045 748 3096 Gonf.
832 3044 880 3096 153
890 3061 930 3116 sq.
941 3045 1061 3114 Quisque
1070 3059 1162 3116 graves
1173 3043 1218 3093 irae
1229 3061 1294 3095 osn-

251 3141 318 3194 quos
338 3123 449 3190 laudat,
470 3125 580 3177 Salmas.
603 3123 639 3176 ad
661 3121 748 3196 Spart.
793 3139 849 3188 sas,
862 3123 959 3194 quibus
973 3135 1069 3194 sponte
1086 3123 1121 3176 ad
1136 3139 1253 3194 pugnam
1270 3133 1296 3174 et

250 3203 338 3257 Seven.
352 3222 375 3255 c.
386 3202 416 3265 6;
427 3203 517 3255 Barth.
529 3203 563 3255 ad
576 3203 640 3256 Stet.
654 3201 716 3254 silv.
728 3203 749 3265 l,
793 3205 918 3256 virtutem
929 3205 1067 3268 excitetur,
1076 3221 1091 3254 a
1101 3213 1296 3274 morteoognu·

252 3295 271 3348 1,
281 3283 324 3349 431
334 3281 452 3336 Fabrstt.
464 3282 498 3333 ud
508 3282 631 3334 Goluum.
642 3277 749 3352 Trajan.
796 3297 885 3336 torum
901 3293 1021 3355 repetat:
1043 3281 1108 3352 157,
1122 3282 1169 3334 sed
1186 3284 1229 3333 cui
1241 3301 1297 3335 ves-

253 3380 275 3413 11.
290 3380 319 3428 n,
331 3375 371 3427 et,
387 3364 433 3432 qui
444 3361 580 3413 Romanus
592 3373 710 3413 mutasse
724 3368 752 3412 st
796 3377 928 3416 truntnon
939 3361 1149 3434 privatodoloris
1157 3379 1238 3413 causo
1247 3374 1295 3434 est,

252 3440 328 3493 aliter
341 3451 421 3510 atque
432 3439 509 3492 aliter
519 3438 623 3512 gladios
634 3451 751 3512 gestasse
797 3443 914 3514 inperitia
933 3459 969 3494 sc.
990 3440 1160 3494 hortamenta
1180 3461 1194 3493 e
1211 3443 1296 3494 medio

252 3534 339 3592 putat,
352 3521 426 3592 Lips.
439 3520 516 3572 Mitis.
528 3522 606 3572 Rom.
622 3522 666 3584 111,
679 3519 704 3571 3.
717 3543 752 3558 e·-
797 3535 879 3588 certe,
888 3521 914 3573 11.
927 3541 962 3589 e.,
971 3521 1103 3592 epublico
1113 3534 1140 3574 et
1152 3525 1296 3588 communi,

257 3603 313 3671 147.
328 3601 414 3654 Verba
424 3601 497 3673 Virp.
511 3600 569 3653 AEn.
584 3602 628 3666 w,
646 3597 704 3652 135.
718 3628 752 3640 -
798 3602 911 3666 erebus,
922 3619 979 3672 quae
990 3601 1024 3653 ad
1033 3613 1117 3654 totam
1127 3621 1210 3674 remp.
1223 3621 1299 3674 spee-

257 3681 313 3748 148.
330 3680 431 3753 oirpato
447 3697 566 3752 corpore,
578 3679 649 3751 polle
665 3681 753 3751 longis
798 3693 870 3748 tent,
882 3694 983 3747 sumat,
993 3683 1143 3753 perfractas
1153 3701 1189 3734 se.
1201 3681 1296 3755 Alpes,

254 3761 418 3814 macularum
425 3758 752 3826 ductibuslinsatafflrak.
798 3762 962 3815 eversionem
975 3759 1087 3832 Sagunti
1099 3775 1149 3814 etc.
1162 3763 1206 3814 An
1218 3783 1232 3814 e
1244 3781 1297 3814 me-

255 3841 315 3894 coll.
335 3843 394 3896 Seu.
414 3841 524 3912 llippol.
544 3841 612 3907 544,
631 3851 657 3891 st
675 3839 753 3891 llere.
798 3841 840 3893 dio
851 3849 905 3907 est,
917 3858 948 3892 ex
962 3838 1042 3892 rebus
1054 3840 1223 3913 vulgaribus,
1235 3844 1300 3894 setis

255 3920 317 3972 OEt.
333 3919 396 3986 146;
405 3918 501 3971 Claud.
511 3919 596 3971 Laud.
607 3917 662 3969 Stil.
672 3919 697 3985 l,
709 3915 753 3985 66,
799 3922 886 3973 notis?
895 3921 937 3974 sic
947 3921 1019 3972 verba
1027 3939 1041 3970 e
1049 3921 1132 3972 medio
1140 3921 1229 3973 tollere
1237 3921 1264 3973 11.
1274 3941 1297 3974 e.
1353 3968 1356 3974 .

256 4013 282 4053 et
293 4000 403 4054 Salmas.
417 4001 509 4053 Exere.
525 3999 592 4051 Plio.
605 4019 632 4070 p.
651 3999 708 4066 148.
720 4022 754 4038 ⁴-
798 4001 887 4054 verbis
905 4000 1060 4073 vulgaribus
1080 3996 1137 4066 uti,
1156 3995 1224 4052 'diris
1242 4001 1298 4054 Cic.

145 4112 149 4120 ·
256 4083 341 4156 tigrim
356 4082 406 4134 sub
418 4084 538 4154 dupmto
548 4080 654 4133 demum
664 4083 754 4134 111111-
799 4081 910 4147 01.111,
926 4081 1243 4154 45,ειηο11411ω11“1(ιε11
1257 4101 1300 4132 oe-

255 4162 292 4214 liu
306 4163 390 4216 risam
407 4159 488 4214 tradit
504 4159 604 4212 Plinius
620 4160 696 4226 Vlll,
715 4159 754 4212 18.
800 4157 882 4225 culto,
892 4161 936 4212 sed
947 4172 1033 4213 sumta
1043 4159 1182 4213 demedio:
1195 4159 1231 4211 id.
1246 4179 1297 4232 pro

256 4241 308 4295 Sed
317 4253 403 4316 Ροειε
417 4243 446 4294 in
459 4253 558 4296 ornatu
574 4241 703 4294 orationis
721 4237 758 4292 td
799 4239 886 4332 Domo
901 4239 944 4308 54,
954 4259 996 4312 pr.
1007 4265 1042 4282 -··
1054 4239 1113 4310 154.
1120 4241 1194 4304 atris,
1202 4239 1243 4294 rel
1255 4241 1297 4294 fu·
