3014 4662
506 430 818 498 PUNlGORUM
840 435 933 498 utu.
958 437 1006 500 ll.
1218 431 1276 501 135

237 573 366 641 Dextris
378 591 487 640 sterne
500 577 580 664 suis5
593 577 612 639 J
616 597 681 639 uno
689 575 804 666 jubet:
818 576 888 664 ipsa
899 577 1087 666 propinque

237 681 384 746 Effectus
397 681 610 771 studiumque
621 699 717 746 tuum
729 680 771 746 de
783 680 873 746 nube
885 681 1017 746 videbo.

238 785 298 851 llla
309 789 397 852 Deos
410 809 643 876 summumque
655 788 773 851 Jorem
786 785 949 853 turbantia
962 787 1042 866 tela,
1233 799 1276 846 53⁵

237 893 318 975 Quis
330 893 516 959 Acheronta
528 915 656 972 mores,
669 892 835 958 flammam
847 894 1064 982 inmanesque
1076 889 1249 982 chelydros

237 996 485 1089 stridoremque
498 1015 606 1080 tuum,
619 1020 687 1088 quo
699 1000 812 1062 terrim
824 999 1013 1086 comprimit
1025 1021 1082 1062 orn

237 1103 413 1186 Cerberus,
426 1129 477 1184 ac,
491 1107 592 1170 mixto
605 1127 677 1195 quae
690 1122 844 1194 spument
856 1104 948 1184 telle,
961 1127 1103 1184 venena,

240 1211 280 1272 Et
293 1209 455 1300 quidquid
468 1213 644 1290 scelerum,
656 1227 829 1300 pennarum
842 1209 1006 1300 quidquid
1020 1227 1053 1275 et
1064 1211 1120 1276 irae

238 1315 375 1380 Pectore
387 1315 531 1382 fecundo
544 1318 698 1406 coquitur
710 1317 784 1395 tibi,
797 1337 939 1405 congere
951 1338 1099 1406 praeceps
1236 1327 1281 1384 540

239 1421 277 1484 ln
290 1421 445 1502 Rutulos,
458 1439 627 1512 totamque
640 1422 749 1486 Erebo
762 1422 899 1487 demitte
911 1424 1102 1510 Saguntum.

240 1527 310 1591 Hac
322 1523 476 1592 mercede
488 1525 585 1592 Fides
597 1543 726 1592 constet
737 1521 870 1614 delapsa
883 1550 942 1614 per
954 1551 1058 1593 auras.
1072 1558 1085 1587 s

281 1633 333 1698 Sic
346 1655 427 1698 voce
439 1632 660 1710 instimulans,
674 1631 787 1696 dextre
800 1635 868 1696 Dee
881 1633 1009 1696 concite
1022 1651 1142 1697 saeram

239 1737 423 1802 Eumenida
435 1737 571 1803 incussit
583 1739 702 1816 muris,
716 1737 919 1826 tremuitque
931 1755 1069 1824 repente

229 1843 337 1914 Mons
348 1843 489 1922 circum,
501 1859 534 1907 et
545 1842 675 1930 gravior
686 1842 798 1908 sonuit
809 1865 871 1931 per
881 1843 977 1908 litora
989 1843 1118 1907 fluctus
1239 1851 1282 1908 ⁵t⁵

237 2041 311 2086 tetur,
328 2043 351 2078 et
361 2031 414 2079 binc
428 2032 528 2096 palmam
544 2031 635 2079 tendens
652 2031 730 2078 edidit.
741 2057 771 2068 -
779 2031 832 2078 533.
843 2033 905 2088 suis,
915 2045 962 2076 nou
976 2033 1019 2076 tuis
1026 2065 1034 2086 ,
1046 2029 1094 2076 Col.
1105 2055 1136 2065 —
1147 2023 1199 2085 334.
1209 2027 1283 2090 Vulgo

236 2110 361 2160 perperam
371 2101 465 2164 legitur,
480 2107 527 2165 ipsu
537 2104 663 2166 propinqua
675 2099 780 2165 Effectus
793 2117 800 2145 .“
814 2101 958 2164 studiumque
973 2109 1037 2145 tuum
1048 2117 1093 2166 quo
1109 2099 1235 2161 comprimit
1245 2113 1285 2143 ora

239 2167 363 2226 certem,
375 2183 418 2218 etc.
429 2206 435 2228 ,
446 2171 516 2234 proh.
528 2175 630 2234 Deosq,
645 2183 671 2217 ut
685 2177 812 2236 propinqua
828 2173 855 2216 sit
871 2169 985 2226 uerbum,
1001 2185 1044 2231 pro
1057 2168 1202 2231 deproperes,
1220 2179 1245 2212 ut
1260 2181 1283 2212 v.

241 2236 301 2294 ²81,
314 2251 336 2284 er
344 2239 405 2303 virg.
418 2243 466 2288 AEn.
481 2243 514 2298 x,
529 2239 580 2298 ²5i·
594 2239 640 2288 Sed
652 2253 699 2286 tres
711 2255 806 2296 versus,
817 2251 935 2303 tamquam
944 2237 1022 2285 auden
1055 2252 1154 2300 corporo
1164 2235 1283 2290 membra,

238 2321 304 2356 recte
323 2311 372 2358 VV.
385 2315 436 2359 DI).
456 2329 484 2360 ex
501 2313 612 2360 member.
630 2311 711 2360 Coton.
733 2314 865 2359 restituere.
877 2336 909 2348 -
921 2310 974 2372 537.
988 2309 1154 2374 stridoremque
1164 2305 1241 2370 juboe,
1260 2303 1284 2356 h,

240 2395 328 2439 eomae,
340 2384 427 2432 trustra
438 2386 529 2432 emend.
542 2387 570 2431 N.
585 2387 664 2432 Heius.

275 2533 334 2589 833
347 2535 739 2610 Omuiegreviterborrendis·
783 2534 818 2594 nd
840 2538 865 2602 1,
886 2536 947 2604 439.
968 2561 1002 2574 -
1015 2533 1075 2600 542.
1096 2531 1154 2582 Herc
1172 2528 1285 2580 mercede

241 2631 293 2686 que
306 2617 466 2690 imaginibus
480 2637 618 2690 expresse,
630 2635 679 2670 nec
691 2617 741 2668 rui·
784 2627 892 2681 constet,
907 2616 977 2668 bene
992 2634 1026 2665 m.
1046 2611 1151 2664 hebeat.
1165 2639 1200 2649 -
1212 2607 1286 2660 lllder

241 2711 291 2746 nus
304 2698 431 2767 praeelcre
443 2699 478 2750 ed
488 2701 569 2750 enimi
580 2711 686 2763 testum,
696 2697 743 2750 cui
784 2696 889 2768 delapsa
898 2713 1043 2767 petamus,
1054 2692 1081 2744 lr.
1093 2690 1167 2743 Fidei
1178 2688 1286 2740 descen·

241 2775 298 2846 ὶμθ
315 2793 424 2850 quoque
435 2780 578 2832 verborum
590 2795 672 2831 sonus
684 2793 742 2831 res-
785 2793 837 2828 sss.
849 2776 927 2828 Conl.
938 2795 962 2825 v.
976 2771 1027 2827 513
1039 2789 1079 2843 sq.
1092 2767 1229 2836 despolior,
1239 2787 1286 2818 va·
1366 2818 1368 2824 f

241 2855 352 2926 ponder.
366 2888 400 2898 -
412 2857 480 2924 tete,
501 2873 589 2926 erma,
607 2875 664 2932 que
680 2873 741 2910 mox
786 2857 877 2924 nn,1).
891 2855 981 2908 Heius.
994 2853 1079 2904 Male!

241 2933 529 2991 nominantur-536.
542 2937 699 3002 Acheronta,
712 2947 742 2988 ut
821 2933 881 3001 543.
896 2933 1039 3006 Magnifice
1052 2929 1123 2994 bec,
1143 2940 1169 2980 et
1188 2927 1223 2979 ad
1237 2939 1287 3008 po-

242 3033 286 3085 sp.
300 3014 372 3088 Virg.
395 3019 453 3070 AEn.
470 3016 534 3083 Vll,
556 3035 606 3088 91,
625 3018 686 3070 312.
706 3045 743 3056 --
786 3016 895 3066 tentiam
906 3013 1019 3065 lunonis
1032 3007 1221 3061 declarandam
1236 3005 1286 3057 ad·

243 3111 344 3159 moeres,
366 3100 500 3163 concutis,
520 3098 563 3150 rel
584 3110 681 3162 terres,
700 3095 742 3148 rel
787 3091 964 3148 commodata.
976 3093 1107 3142 Pretereu
1118 3101 1225 3159 poetam
1238 3085 1286 3136 de-

242 3190 330 3226 reses.
341 3177 535 3254 -flarrrmam‚
546 3180 627 3230 faces.
636 3205 670 3217 -
680 3175 739 3245 537.
787 3188 841 3239 eet,
856 3191 910 3223 non
924 3169 1007 3222 verbe
1020 3169 1121 3226 Furire,
1135 3165 1184 3218 sed
1200 3165 1288 3248 ipsam

242 3253 382 3306 Stridorem
402 3267 490 3321 turem,
510 3255 617 3310 sibilum
634 3273 742 3326 serpen-
786 3253 919 3323 extemplo
939 3267 993 3302 rem
1008 3263 1163 3300 memorare.
1188 3244 1288 3295 Confer

243 3347 300 3386 tum
322 3347 443 3404 tuorum,
463 3336 504 3388 rel
525 3347 660 3406 serpentes
683 3347 743 3386 tuos
786 3333 834 3384 lib.
852 3333 895 3396 lV,
913 3330 965 3396 430
976 3345 1032 3399 seq.
1054 3328 1145 3397 lleyne
1162 3335 1188 3375 et
1200 3321 1288 3374 Cerdo

242 3411 388 3468 sibilantes.
396 3415 555 3468 Eumenides
563 3409 741 3478 inertiaque,
788 3411 822 3462 ml
831 3409 981 3481 Virgilium,
994 3403 1095 3458 AEneid.
1105 3403 1215 3468 lib.Vll,
1227 3401 1287 3468 341,

244 3491 279 3544 de
292 3512 345 3565 quo
354 3494 408 3547 rid.
421 3495 460 3546 Gl.
474 3495 618 3546 Hermenni
630 3492 742 3566 Mytbol.
788 3504 814 3544 et
820 3486 1005 3544 Burmann.ed
1012 3485 1147 3538 Valerium
1153 3483 1288 3545 Flaccum,

243 3574 274 3624 Τ.
288 3574 326 3638 ll,
341 3593 368 3646 p.
382 3575 441 3642 488.
454 3575 594 3646 Serpentes
610 3585 698 3624 nutem
712 3589 742 3624 ac
787 3572 882 3636 tuto.
891 3570 1025 3623 uectum
1034 3565 1139 3618 Furiam
1147 3563 1235 3628 mittit,
1246 3561 1289 3612 rel

241 3651 354 3705 llemmee
367 3655 474 3726 proprie
487 3651 603 3716 stridere,
620 3651 647 3702 h.
663 3669 744 3720 ergu-
788 3653 906 3704 immittit
926 3647 1001 3714 urbi,
1020 3645 1068 3700 sed
1086 3645 1175 3697 dextra
1195 3641 1290 3694 incutit

241 3743 301 3784 tum
322 3751 418 3786 sonum
437 3733 515 3786 edere
534 3732 666 3785 dicuntur.
679 3731 742 3783 Vid.
788 3731 875 3782 muris.
891 3730 936 3780 llis
949 3741 975 3780 et
988 3742 1064 3799 seqq.
1075 3725 1164 3778 verbis
1175 3723 1287 3774 multum

243 3812 300 3864 lud.
312 3826 339 3866 et
347 3815 438 3887 lleyne
449 3814 484 3866 ed
493 3815 565 3885 Virg.
575 3815 613 3864 Ε.
622 3813 672 3877 Vl,
684 3809 746 3873 2883
788 3809 863 3883 lyrici
873 3810 982 3880 spiritus
995 3809 1071 3858 inest.
1084 3802 1228 3878 Splendide
1244 3797 1290 3853 ad-

244 3892 361 3946 Broulsb.
382 3893 417 3947 ud
433 3893 533 3946 Tibull.
552 3893 576 3956 Ι,
594 3905 637 3957 nr,
655 3909 697 3962 7²·
711 3919 745 3930 -
789 3887 928 3942 umbratur
939 3890 979 3940 vis
990 3888 1117 3952 lunonis,
1127 3897 1154 3938 et
1166 3882 1288 3936 celeritas

244 3969 304 4038 640.
319 3973 424 4026 Pectore
427 3971 559 4046 fecundo,
572 3983 602 4022 ut
615 3988 658 4041 sp.
670 3971 741 4043 Virg.
789 3967 981 4033 Eumenidum,
1001 3982 1059 4038 que
1079 3961 1203 4030 riso‘tppsr
1219 3958 1248 4012 dr
1264 3977 1292 4008 ee

243 4054 301 4105 Em
315 4055 377 4121 Vll,
394 4055 455 4108 338.
468 4083 504 4094 -
515 4051 636 4124 sequimi·
651 4050 710 4114 tibi,
727 4067 743 4101 a
789 4045 865 4113 sirpe
882 4047 1008 4100 dicuntur
1022 4044 1107 4115 Orph.
1124 4043 1156 4092 u.
1169 4038 1289 4100 LXVlll,

241 4147 278 4187 te.
291 4133 370 4187 Cone.
386 4135 422 4188 ed
432 4153 457 4187 r.
470 4135 531 4204 327.
541 4159 576 4172 -·
588 4129 647 4199 541.
660 4133 745 4184 Rutu·
788 4143 818 4198 93
834 4127 933 4198 dequo
946 4125 999 4178 vid.
1017 4125 1161 4176 Hermann.
1177 4117 1195 4168 l.
1212 4135 1236 4169 c.
1254 4143 1289 4156 --

242 4203 740 4282 tetutl,584·-Errledemitte‚rid.
786 4208 887 4264 concita
903 4209 958 4275 ira,
977 4209 1058 4270 irate,
1075 4202 1116 4254 rel
1137 4201 1228 4272 potius
1247 4215 1292 4248 ee·
