2960 4666
239 475 304 542 sss
495 433 515 490 '¹
557 477 593 539 c.
617 473 741 540 suni
766 475 960 550 tuatim

239 617 499 706 Belligeramque
511 615 615 680 feram
627 639 634 679 :
648 617 753 680 victus
766 639 835 681 non
846 616 940 706 plura
951 614 1127 686 dedissem.

238 723 402 811 Sanguine
414 719 582 786 Dardanio
595 720 733 788 Rutulos
745 724 962 790 saturavimus
971 747 1083 812 agros,
1238 741 1285 788 sss

237 830 278 892 Et
286 827 373 916 jacet
385 829 417 892 in
431 827 553 915 campis
568 827 716 892 Latium:
730 825 900 915 deponens
913 853 1006 895 curas
1266 841 1268 844 ’

236 934 386 1002 Tandem
400 958 492 1023 ergo,
505 934 607 1016 bone,
620 933 678 1013 da,
691 934 1116 1026 victor31iceatquesedene

183 1034 191 1067 '¹
237 1043 276 1106 ln
288 1042 406 1130 patria,
420 1042 517 1108 liceat
527 1064 595 1106 non
608 1038 780 1106 exhaurire
792 1043 918 1130 rapacis

238 1149 388 1237 inpensis
398 1148 477 1214 belli
488 1163 642 1214 vacuatos
655 1171 742 1236 saepe
756 1166 901 1236 penates

237 1257 333 1320 Nunc
346 1277 402 1334 en,
415 1277 520 1335 nunc,
532 1255 683 1344 inquam,
696 1255 795 1339 (falsa
807 1273 844 1322 ut
856 1256 1014 1345 praesagia
1026 1274 1135 1324 nostra
1236 1272 1283 1335 ⁵7⁰

236 1362 323 1439 Sint,
337 1384 411 1439 oro,
424 1383 584 1450 mensque
595 1362 734 1450 augurio
745 1361 880 1428 ludatur
891 1363 999 1447 inani)

143 1497 145 1504 ¹
237 1464 336 1532 Haud
349 1467 465 1556 procul
477 1483 527 1532 est
538 1459 669 1549 funesta
680 1465 752 1532 dies
764 1491 771 1530 :
785 1469 907 1534 atrocia
919 1469 997 1533 novi

236 1573 358 1653 Corda,
370 1594 408 1638 ac
419 1574 586 1671 prospicio
598 1590 689 1640 natas
701 1595 720 1638 e
732 1571 880 1640 cladibus
893 1575 968 1638 iras.

237 1683 395 1768 vosego,
408 1701 467 1745 vos
479 1695 608 1758 metuo,
622 1681 743 1744 Cannae
754 1703 762 1744 ε
775 1679 960 1746 submittite
970 1681 1078 1769 sigua,

238 1788 346 1874 Atque
358 1781 443 1848 adeo
455 1798 594 1861 tentate,
606 1781 763 1872 agedum,
776 1805 815 1850 ac
827 1782 997 1871 deposcite
1010 1807 1134 1872 pacem.
1236 1799 1280 1861 ⁵7⁵

238 1893 313 1956 Non
325 1887 458 1954 dabitur
470 1911 476 1950 :
490 1905 583 1975 parat
594 1886 649 1952 ille
661 1887 758 1954 dolor
770 1886 870 1972 (mibi
880 1887 1026 1974 credite)
1036 1889 1141 1979 majus

238 1995 384 2061 Exitium
395 1993 555 2083 adcepto:
570 1995 733 2082 citiusque
744 1993 816 2062 hac
829 1993 955 2062 foedera
965 1995 1084 2075 victor,

237 2104 343 2186 Quam
356 2101 475 2179 victus,
490 2099 582 2166 dabit
593 2125 600 2164 ε
612 2118 713 2189 atque
724 2099 824 2179 adeo,
838 2102 996 2191 quitauta
1008 2100 1152 2190 superbo

239 2211 336 2272 Facta
349 2228 444 2271 sonas
457 2227 529 2286 ore,
543 2221 576 2269 et
588 2206 754 2294 spumanti
766 2205 899 2271 turbiue
910 2207 1030 2295 perflas

239 2317 453 2405 ignorantum
465 2311 657 2392 aureS‚dic‚
671 2336 728 2394 en,
742 2315 963 2402 germanusin
975 2315 1073 2380 armis
1238 2327 1283 2375 ⁵80

239 2421 298 2487 ille
311 2437 388 2486 tuus
399 2442 459 2509 par
471 2415 629 2500 Gmdivo,
642 2441 704 2508 per
715 2419 826 2484 secula
839 2419 935 2486 tellus

239 2526 300 2591 Cui
312 2524 453 2590 similem
466 2547 636 2612 nunquam
648 2521 821 2588 ductorem
833 2523 867 2588 in
880 2523 965 2590 bella
977 2527 1115 2607 creavit,

239 2631 361 2697 Moenia
376 2630 545 2695 Romuleae
557 2651 616 2693 cur
628 2627 776 2693 nondum
790 2626 911 2694 viderit
922 2628 1032 2695 urbis?

283 2768 299 2798 s
311 2737 440 2806 Scilicet
452 2761 471 2801 e
483 2735 609 2825 gremio
621 2752 763 2800 matrum
775 2737 940 2824 rapiamus
953 2740 987 2802 in
999 2737 1129 2803 hostem

271 2897 323 2954 564.
339 2901 399 2944 victo
410 2897 447 2942 ed.
467 2893 561 2959 Raphcl.
578 2895 646 2958 prob.
664 2893 741 2944 Barth.
755 2896 813 2950 Adi.
826 2897 867 2952 iv,
887 2911 926 2948 ιο,
939 2899 1003 2944 uictis
1017 2898 1140 2954 dodisma,
1151 2897 1187 2942 vel
1198 2899 1281 2952 vietus,

236 2969 274 3014 sel
286 2970 362 3021 vietis,
375 2965 413 3018 uel
422 2968 480 3012 victo
491 2981 546 3010 num
555 2964 623 3028 plum
633 2969 738 3029 petisset,
752 2973 759 3018 (
766 2965 812 3012 boo
826 2975 861 3012 eat
874 2965 995 3014 Hannibali
1008 2968 1093 3030 liupo)
1104 2967 1240 3030 opinheim
1249 2967 1278 3010 tt.

237 3039 317 3084 licina.
328 3035 425 3082 Witbol.
442 3034 542 3082 malebat
557 3038 631 3090 vatis,
649 3034 735 3082 scilicet
751 3033 871 3084 Hannibali
887 3047 910 3082 et
927 3036 1034 3096 Magoni,
1050 3035 1169 3084 fnanibus.
1181 3061 1211 3072 -
1226 3035 1277 3096 567.

239 3109 306 3154 llunc
316 3121 407 3170 temoni
417 3119 540 3167 peiperam
550 3105 657 3152 emutunt
667 3107 693 3150 tt.
708 3122 731 3159 i,
742 3105 816 3152 Pana.
828 3104 891 3150 bled.
901 3129 933 3142 -
943 3103 995 3153 583.
1007 3109 1083 3152 viba-it
1091 3107 1153 3166 conj.
1164 3107 1192 3151 N.
1204 3105 1278 3150 nens.

238 3180 284 3228 Sed
293 3178 365 3228 multo
375 3177 481 3224 acerbius
493 3175 590 3224 llanuou
602 3175 669 3233 dicit,
680 3176 830 3224 Hannibalem
841 3192 872 3223 ne
884 3189 972 3224 tantum
982 3177 1076 3240 quidem
1084 3179 1154 3224 uani
1162 3175 1278 3229 babuisse,

238 3264 265 3298 ut
274 3254 369 3298 Romam
378 3249 537 3314 obpugnatum
547 3249 741 3310 proficisceretur.
750 3273 783 3286 -
793 3247 845 3306 584.
855 3264 881 3306 e,
893 3264 941 3296 non
949 3265 976 3304 o,
990 3248 1039 3296 Col.

275 3385 334 3454 564.
349 3385 397 3456 Ap.
409 3385 464 3436 Liv.
475 3382 493 3434 l.
507 3381 524 3434 l.
538 3384 607 3454 Quid
615 3383 690 3436 aliud
700 3401 739 3436 to·
782 3383 861 3450 dixit,
872 3381 937 3435 Stat.
950 3383 1011 3434 silv.
1024 3385 1067 3447 w,
1077 3400 1111 3448 ti,
1125 3383 1168 3451 43.
1178 3412 1210 3422 -
1219 3379 1276 3451 577.

237 3483 323 3540 pares,
336 3465 357 3518 si
366 3483 427 3518 esses
437 3465 531 3516 victus?
542 3463 672 3532 Hostium,
685 3475 736 3516 etc.
782 3465 857 3516 llano
869 3480 962 3534 pacem
975 3463 1081 3516 facilius
1095 3463 1159 3514 olim
1171 3481 1187 3515 a
1198 3463 1277 3512 vieto-

276 3545 326 3598 565
337 3563 376 3616 sq.
387 3547 427 3597 Cf.
439 3543 473 3597 ad
483 3545 521 3608 X,
532 3544 583 3610 aot
594 3543 736 3615 sq·-567.
782 3543 870 3610 ribus,
887 3561 967 3614 quam
981 3561 1051 3599 nunc
1068 3563 1085 3596 a
1096 3545 1173 3594 victis
1185 3543 1278 3594 Roma·

238 3627 303 3677 bone
312 3619 406 3686 iiieton
420 3643 443 3675 v.
455 3623 489 3676 ad
501 3627 538 3690 ll,
549 3623 608 3690 alo.
622 3653 656 3662 -
667 3625 738 3676 sede·
781 3626 835 3690 nis,
846 3624 1031 3696 impetrabitis
1043 3625 1138 3681 Gravia
1149 3622 1278 3678 sententia

240 3725 279 3770 re,
292 3707 379 3776 quiete
392 3716 419 3758 et
428 3723 495 3776 pace
504 3704 575 3776 frui,
588 3718 618 3756 ut
629 3705 677 3770 lll,
686 3703 734 3755 561
782 3717 808 3758 et
825 3723 902 3759 vera:
917 3722 977 3756 nam
990 3705 1123 3756 Romanos
1135 3710 1278 3770 numquam

240 3798 266 3836 et
279 3784 312 3836 al.
322 3815 358 3823 -
369 3784 428 3854 569.
440 3795 559 3856 penates,
579 3784 694 3856 patriam
712 3797 738 3835 et
781 3801 889 3854 panem,
902 3784 952 3834 nisi
965 3784 1040 3845 victis
1052 3781 1187 3846 hostibus,
1203 3779 1278 3830 lesis-

239 3865 319 3916 cives.
330 3893 366 3902 -
377 3875 510 3929 vacuatos,
525 3862 676 3916 exhaustos.
781 3881 824 3930 se,
838 3882 888 3914 nec
899 3881 1024 3933 umquam
1037 3881 1053 3914 a
1064 3861 1209 3914 victoribus
1220 3875 1278 3913 eam

275 3941 334 4013 573.
348 3945 436 3996 Mente
449 3943 600 4014 prospicio,
611 3945 677 3994 iram
686 3945 738 3994 Ro-
780 3943 888 4012 petiisse
898 3953 1010 3994 constat.
1020 3940 1145 4000 -580...
1154 3937 1278 3995 5831Pet·

240 4041 379 4076 manorum
392 4025 450 4094 ipsa
463 4021 515 4074 hac
532 4021 608 4074 clade
622 4023 739 4080 atrocio-
782 4021 947 4092 stringuntur
957 4019 1040 4073 verba
1049 4021 1239 4092 Magonisaop.
1251 4033 1276 4064 v.

239 4123 296 4156 rem
314 4104 446 4168 futurem,
463 4116 488 4153 et
506 4103 612 4173 gravius
633 4119 739 4152 exarsu-
784 4101 835 4154 5²0
845 4117 884 4170 sq.
991 4099 998 4108 “

242 4201 298 4234 ram
312 4199 378 4234 esse.
388 4180 488 4250 -574-
500 4181 641 4233 submittite
649 4182 722 4255 siquo
727 4217 736 4245 ‚
819 4179 879 4248 584.
892 4178 1048 4232 Hannibalis
1061 4175 1172 4230 consilia
1184 4173 1219 4228 ad
1232 4173 1278 4225 do·

242 4273 270 4310 ut
289 4259 432 4312 subsistere
446 4259 542 4312 vexillo
554 4259 672 4332 fortune
688 4276 739 4314 suoe
782 4262 912 4329 minatum
925 4271 1047 4331 spectare
1061 4257 1150 4327 arguit
1166 4256 1276 4317 Hanno,
