3008 4662
161 413 164 420 ,
265 381 287 422 X

267 508 481 584 curatissimo
502 530 535 583 et
556 507 813 582 modestissimo
833 509 1055 609 potissimum
1074 509 1209 612 judicio
1233 508 1306 581 fieri

266 646 392 723 potest,
407 625 684 716 constituendus,
701 625 759 698 sed
776 646 877 725 poeta
891 626 994 700 etiarn
1011 647 1178 726 perpetuo
1192 623 1307 724 inpri-

266 740 333 811 mis
349 740 598 814 commentario
615 741 840 813 illustrandus
854 762 916 814 est.

314 859 366 928 Ea
383 878 464 929 sunt
484 883 561 956 que
580 856 633 929 Cl.
653 859 796 956 Ruperti
811 856 876 929 sibi
893 857 1073 957 proposuit
1091 877 1127 930 et
1145 855 1306 957 perfecit:

266 969 366 1071 cujus
377 998 518 1071 operam
535 999 605 1072 quo
622 972 786 1045 attentius
801 971 869 1072 legi
884 998 922 1044 ac
937 973 1122 1072 perpendi,
1140 1000 1181 1046 eo
1198 971 1310 1070 magis

265 1086 377 1158 visum
393 1106 457 1178 est,
478 1079 606 1161 frustra
626 1114 683 1160 me
705 1114 846 1187 operam
866 1087 1132 1186 impensamque
1148 1113 1308 1160 consum·

266 1221 426 1299 pturum‚
438 1229 550 1299 quum
560 1203 645 1273 tales
652 1202 766 1274 forent
773 1202 809 1272 in
818 1201 982 1273 manibus
993 1230 1086 1302 opes.
1096 1201 1310 1303 sagacissimi

267 1316 364 1387 enim
381 1315 597 1414 ingeniine,
615 1318 731 1416 ipsum
749 1337 889 1417 poetam
905 1319 1083 1417 perpetuis
1099 1337 1311 1392 commenta·
1367 1385 1372 1392 .

268 1431 327 1503 riis
342 1431 526 1522 illustrare,
542 1453 575 1505 et
588 1433 778 1506 lectionem
793 1433 973 1524 carminis,
991 1433 1090 1534 cujus
1104 1459 1246 1507 omnem
1259 1458 1313 1505 va·

267 1547 422 1620 rietatem
446 1549 610 1641 enotavit,
640 1550 684 1622 ad
711 1549 818 1622 fidem
842 1550 943 1623 codd.
968 1551 1168 1624 accuratius
1184 1548 1313 1622 consti-

269 1686 382 1754 tuere,
395 1684 427 1736 et
435 1665 612 1762 vulgarem
623 1687 728 1765 atque
738 1666 919 1763 antiquam
927 1666 982 1738 vel
992 1692 1149 1739 revocare
1162 1688 1197 1738 et
1206 1663 1313 1752 tueri,

160 1784 163 1790 '
268 1776 321 1848 vel
336 1779 524 1850 emendare
538 1799 680 1850 conatus
697 1799 756 1850 est.
770 1781 853 1850 Var.
872 1778 949 1850 lect.
967 1777 1012 1850 ab
1030 1777 1314 1878 interpretatione

269 1890 436 1989 seposuit,
453 1891 579 1965 etinde
594 1891 773 1992 duplicem
787 1892 1030 1964 commentarii
1047 1893 1101 1964 sui
1117 1911 1255 1991 partem
1267 1891 1315 1962 fe·

269 2005 329 2096 cit,
353 2028 393 2078 ut
408 2007 519 2110 major
534 2009 594 2081 lux
607 2009 768 2101 eniteret,
784 2007 986 2108 faciliorque
1004 2008 1094 2111 foret
1110 2007 1316 2081 alterutrum

269 2123 503 2218 querentibus
515 2122 623 2197 labor.

319 2239 424 2311 Hunc
442 2240 559 2342 itaque
577 2242 754 2341 optimum
773 2242 901 2318 ducem
918 2241 1108 2316 existimavi
1129 2243 1162 2314 e't
1179 2259 1318 2312 secutus

270 2379 365 2445 sum,
378 2354 518 2458 adjectis
530 2357 760 2457 quibusdam,
774 2383 851 2458 quae
864 2378 925 2431 aut
937 2354 1141 2444 necessaria,
1154 2373 1216 2426 aut
1227 2371 1316 2424 certe

269 2467 365 2540 bona
380 2471 597 2546 viderentur:
612 2499 696 2545 nam
710 2473 885 2573 praecipua
897 2473 972 2545 haec
988 2498 1071 2544 cura
1083 2469 1164 2561 fuir,
1182 2488 1221 2540 ut
1234 2465 1317 2566 qui·-

272 2609 422 2686 cumque
435 2615 513 2660 mea
527 2588 677 2662 editione
690 2610 859 2680 uteretur,
872 2587 1013 2688 reliquis
1026 2584 1192 2658 omnibus
1205 2606 1319 2655 carere

271 2723 401 2800 posset,
419 2727 451 2776 et
462 2705 498 2778 in
511 2731 552 2778 ea
564 2705 741 2806 reperiret,
757 2705 931 2806 quidquid
945 2704 1029 2776 boni
1046 2723 1151 2803 atque
1164 2697 1260 2771 utilis
1274 2693 1320 2767 ad

272 2815 347 2890 Silii
360 2811 500 2892 carmen
515 2820 760 2920 explicandum
779 2819 1113 2917 emendandumque
1129 2814 1187 2888 alii
1201 2831 1320 2886 contu·

273 2929 402 3003 lissent.
421 2933 553 3034 Saepius
570 2962 710 3034 quoque
727 2935 804 3009 loca
821 2934 947 3008 similia
962 2961 980 3007 e
996 2931 1129 3034 gallicis
1146 2923 1321 3028 scriptori-

272 3045 339 3118 bus
356 3049 569 3149 transcripsi,
586 3051 718 3150 quique
735 3051 876 3124 easdem
888 3077 942 3122 res
956 3069 1017 3120 aut
1029 3063 1244 3131 tractassent,
1261 3057 1322 3112 aut

273 3185 541 3254 memorassem,
560 3164 655 3236 verbi
672 3191 792 3254 cansa,
809 3165 962 3250 Bossuet,
985 3161 1241 3256 Montesquieu‚
1263 3176 1324 3225 eos

274 3277 425 3370 contuli;
441 3279 534 3378 quod
549 3281 738 3379 prasertim
761 3281 799 3352 in
819 3276 1068 3380 posterioribus
1084 3271 1181 3346 libris
1201 3269 1323 3370 depre-

273 3391 423 3479 hendes,
434 3419 547 3488 quum
560 3392 617 3466 hic
629 3393 730 3493 plura
741 3393 810 3466 sint
821 3393 905 3465 Silio
917 3412 952 3464 et
962 3387 1094 3461 Nostris
1105 3382 1320 3457 communia.

324 3507 414 3596 Qua
423 3526 541 3580 autem
555 3509 608 3581 Cl.
619 3511 760 3608 Ruperti
769 3509 814 3581 ad
826 3507 958 3580 calcem
968 3501 1080 3602 operis
1093 3497 1252 3574 addenda
1263 3513 1323 3566 aut

278 3619 478 3719 corrigenda
495 3620 737 3722 subjunxerat,
749 3621 819 3694 sive
836 3647 877 3692 ex
893 3617 1172 3718 interpretatione
1186 3607 1322 3682 Emessi

278 3755 311 3807 ct
318 3735 532 3827 Lenzii,sive
542 3761 583 3808 ex
592 3737 681 3810 notis
691 3735 815 3810 criticis
823 3734 985 3808 Withufii
996 3749 1164 3830 excerpta,
1174 3725 1248 3797 hac
1259 3747 1322 3822 ego

279 3847 432 3921 insnum
448 3876 596 3951 quaque
608 3851 726 3925 locum
739 3849 859 3941 retuli,
872 3847 1069 3950 composui,
1081 3835 1298 3916 concinnavi.

326 3966 384 4037 Eae
396 3964 540 4064 quidem
549 3966 692 4040 fuerunt
702 3991 829 4058 causae,
842 3991 905 4037 cur
916 3961 1022 4064 paulo
1033 3961 1174 4032 fumoso
1185 3951 1325 4050 longius

282 4081 464 4154 excreverit
482 4079 599 4174 lab0r;
617 4081 677 4154 sed
696 4083 769 4158 baec
791 4081 818 4154 si
839 4079 941 4179 culpa
962 4098 1026 4166 est,
1048 4075 1200 4173 ingenue
1218 4069 1328 4141 fatcor
