<?xml version="1.0" encoding="UTF-8"?>
<!DOCTYPE html PUBLIC "-//W3C//DTD XHTML 1.0 Transitional//EN"
    "http://www.w3.org/TR/xhtml1/DTD/xhtml1-transitional.dtd">
<html xmlns="http://www.w3.org/1999/xhtml" xml:lang="en" lang="en">
 <head>
  <title>
</title>
<meta http-equiv="Content-Type" content="text/html;charset=utf-8" />
  <meta name='ocr-system' content='tesseract 3.04.00' />
  <meta name='ocr-capabilities' content='ocr_page ocr_carea ocr_par ocr_line ocrx_word'/>
</head>
<body>
  <div class='ocr_page' id='page_1' title='image "./punicorumlibris01italgoog/punicorumlibris01italgoog_0653.png"; bbox 0 0 2960 4666; ppageno 0'>
   <div class='ocr_carea' id='block_1_1' title="bbox 176 323 945 446">
    <p class='ocr_par' dir='ltr' id='par_1_1' title="bbox 176 323 945 446">
     <span class='ocr_line' id='line_1_1' title="bbox 176 323 945 446; baseline -0.007 -15"><span class='ocrx_word' id='word_1_1' title='bbox 176 323 179 328; x_wconf 61' lang='grc'><strong>’</strong></span> <span class='ocrx_word' id='word_1_2' title='bbox 224 368 288 446; x_wconf 71' lang='lat' dir='ltr'>ote</span> <span class='ocrx_word' id='word_1_3' title='bbox 541 367 577 431; x_wconf 86' lang='lat' dir='ltr'>e.</span> <span class='ocrx_word' id='word_1_4' title='bbox 600 365 726 432; x_wconf 80' lang='lat' dir='ltr'>sinu</span> <span class='ocrx_word' id='word_1_5' title='bbox 748 363 945 428; x_wconf 77' lang='lat' dir='ltr'>rrinror</span> 
     </span>
    </p>
   </div>
   <div class='ocr_carea' id='block_1_2' title="bbox 220 503 1275 1656">
    <p class='ocr_par' dir='ltr' id='par_1_2' title="bbox 220 503 1275 1656">
     <span class='ocr_line' id='line_1_2' title="bbox 221 503 933 586; baseline -0.001 -15"><span class='ocrx_word' id='word_1_6' title='bbox 221 506 349 572; x_wconf 85' lang='lat' dir='ltr'>invidia</span> <span class='ocrx_word' id='word_1_7' title='bbox 360 506 449 586; x_wconf 85' lang='lat' dir='ltr'>laeta‚</span> <span class='ocrx_word' id='word_1_8' title='bbox 462 521 495 570; x_wconf 92' lang='lat' dir='ltr'>et</span> <span class='ocrx_word' id='word_1_9' title='bbox 507 504 678 570; x_wconf 89' lang='lat' dir='ltr'>conlidens</span> <span class='ocrx_word' id='word_1_10' title='bbox 691 503 822 572; x_wconf 82' lang='lat' dir='ltr'>dissona</span> <span class='ocrx_word' id='word_1_11' title='bbox 834 503 933 570; x_wconf 84' lang='lat' dir='ltr'>corde</span> 
     </span>
     <span class='ocr_line' id='line_1_3' title="bbox 221 610 970 700; baseline -0.005 -22"><span class='ocrx_word' id='word_1_12' title='bbox 221 610 357 678; x_wconf 89' lang='lat' dir='ltr'>Seditio.</span> <span class='ocrx_word' id='word_1_13' title='bbox 371 611 436 679; x_wconf 87' lang='lat' dir='ltr'>Sed</span> <span class='ocrx_word' id='word_1_14' title='bbox 449 612 537 678; x_wconf 87' lang='lat' dir='ltr'>enim</span> <span class='ocrx_word' id='word_1_15' title='bbox 550 613 675 677; x_wconf 85' lang='lat' dir='ltr'>interea</span> <span class='ocrx_word' id='word_1_16' title='bbox 688 612 859 678; x_wconf 79' lang='lat' dir='ltr'>temerario</span> <span class='ocrx_word' id='word_1_17' title='bbox 872 611 970 700; x_wconf 86' lang='lat' dir='ltr'>pubis</span> 
     </span>
     <span class='ocr_line' id='line_1_4' title="bbox 221 719 956 810; baseline -0.005 -24"><span class='ocrx_word' id='word_1_18' title='bbox 221 719 347 786; x_wconf 82' lang='lat' dir='ltr'>Delicta</span> <span class='ocrx_word' id='word_1_19' title='bbox 359 719 513 808; x_wconf 72' lang='lat' dir='ltr'>augebat,</span> <span class='ocrx_word' id='word_1_20' title='bbox 526 719 684 808; x_wconf 84' lang='lat' dir='ltr'>pollutior</span> <span class='ocrx_word' id='word_1_21' title='bbox 695 721 779 810; x_wconf 82' lang='lat' dir='ltr'>ipse,</span> <span class='ocrx_word' id='word_1_22' title='bbox 793 736 956 784; x_wconf 89' lang='lat' dir='ltr'>senectus.</span> 
     </span>
     <span class='ocr_line' id='line_1_5' title="bbox 221 821 1030 916; baseline -0.001 -27"><span class='ocrx_word' id='word_1_23' title='bbox 221 828 304 906; x_wconf 88' lang='lat' dir='ltr'>Nec,</span> <span class='ocrx_word' id='word_1_24' title='bbox 319 849 402 916; x_wconf 90' lang='lat' dir='ltr'>quos</span> <span class='ocrx_word' id='word_1_25' title='bbox 414 825 479 889; x_wconf 87' lang='lat' dir='ltr'>vile</span> <span class='ocrx_word' id='word_1_26' title='bbox 490 848 594 914; x_wconf 74' lang='lat' dir='ltr'>genus</span> <span class='ocrx_word' id='word_1_27' title='bbox 607 821 829 914; x_wconf 83' lang='lat' dir='ltr'>despectaque</span> <span class='ocrx_word' id='word_1_28' title='bbox 842 823 924 889; x_wconf 87' lang='lat' dir='ltr'>lucis</span> <span class='ocrx_word' id='word_1_29' title='bbox 937 823 1030 913; x_wconf 77' lang='lat' dir='ltr'>origo</span> 
     </span>
     <span class='ocr_line' id='line_1_6' title="bbox 221 929 962 1020; baseline 0 -26"><span class='ocrx_word' id='word_1_30' title='bbox 221 929 392 1012; x_wconf 54' lang='lat' dir='ltr'>Foedabae</span> <span class='ocrx_word' id='word_1_31' title='bbox 406 952 538 1020; x_wconf 82' lang='lat' dir='ltr'>sperare</span> <span class='ocrx_word' id='word_1_32' title='bbox 551 930 613 996; x_wconf 92' lang='lat' dir='ltr'>sibi</span> <span class='ocrx_word' id='word_1_33' title='bbox 625 946 658 995; x_wconf 87' lang='lat' dir='ltr'>et</span> <span class='ocrx_word' id='word_1_34' title='bbox 670 929 850 1020; x_wconf 87' lang='lat' dir='ltr'>deposcere</span> <span class='ocrx_word' id='word_1_35' title='bbox 863 931 962 1018; x_wconf 88' lang='lat' dir='ltr'>primi</span> 
     </span>
     <span class='ocr_line' id='line_1_7' title="bbox 221 1034 1037 1126; baseline -0.004 -25"><span class='ocrx_word' id='word_1_36' title='bbox 221 1038 366 1102; x_wconf 86' lang='lat' dir='ltr'>Deerant</span> <span class='ocrx_word' id='word_1_37' title='bbox 377 1036 515 1126; x_wconf 83' lang='lat' dir='ltr'>imperia</span> <span class='ocrx_word' id='word_1_38' title='bbox 525 1059 562 1101; x_wconf 89' lang='lat' dir='ltr'>ac</span> <span class='ocrx_word' id='word_1_39' title='bbox 574 1037 687 1123; x_wconf 83' lang='lat' dir='ltr'>petriae</span> <span class='ocrx_word' id='word_1_40' title='bbox 699 1035 869 1124; x_wconf 88' lang='lat' dir='ltr'>pereuntis</span> <span class='ocrx_word' id='word_1_41' title='bbox 881 1034 1037 1100; x_wconf 68' lang='lat' dir='ltr'>bibones.</span> 
     </span>
     <span class='ocr_line' id='line_1_8' title="bbox 220 1139 969 1226; baseline -0.003 -20"><span class='ocrx_word' id='word_1_42' title='bbox 220 1143 309 1226; x_wconf 91' lang='lat' dir='ltr'>Quin</span> <span class='ocrx_word' id='word_1_43' title='bbox 322 1143 420 1208; x_wconf 85' lang='lat' dir='ltr'>etiam</span> <span class='ocrx_word' id='word_1_44' title='bbox 433 1141 612 1208; x_wconf 81' lang='lat' dir='ltr'>exhilarare</span> <span class='ocrx_word' id='word_1_45' title='bbox 624 1142 703 1206; x_wconf 81' lang='lat' dir='ltr'>viris</span> <span class='ocrx_word' id='word_1_46' title='bbox 715 1141 866 1207; x_wconf 83' lang='lat' dir='ltr'>convivia</span> <span class='ocrx_word' id='word_1_47' title='bbox 878 1139 969 1207; x_wconf 84' lang='lat' dir='ltr'>caede</span> 
     </span>
     <span class='ocr_line' id='line_1_9' title="bbox 222 1245 999 1336; baseline -0.004 -24"><span class='ocrx_word' id='word_1_48' title='bbox 222 1251 295 1312; x_wconf 89' lang='lat' dir='ltr'>Mos</span> <span class='ocrx_word' id='word_1_49' title='bbox 306 1248 400 1330; x_wconf 86' lang='lat' dir='ltr'>olim,</span> <span class='ocrx_word' id='word_1_50' title='bbox 414 1265 448 1313; x_wconf 89' lang='lat' dir='ltr'>et</span> <span class='ocrx_word' id='word_1_51' title='bbox 459 1248 597 1314; x_wconf 88' lang='lat' dir='ltr'>miscere</span> <span class='ocrx_word' id='word_1_52' title='bbox 611 1247 716 1335; x_wconf 88' lang='lat' dir='ltr'>epulis</span> <span class='ocrx_word' id='word_1_53' title='bbox 730 1247 916 1336; x_wconf 78' lang='lat' dir='ltr'>spectacula</span> <span class='ocrx_word' id='word_1_54' title='bbox 928 1245 999 1310; x_wconf 87' lang='lat' dir='ltr'>dira</span> 
     </span>
     <span class='ocr_line' id='line_1_10' title="bbox 221 1354 1055 1446; baseline -0.004 -26"><span class='ocrx_word' id='word_1_55' title='bbox 221 1357 413 1422; x_wconf 88' lang='lat' dir='ltr'>Certantum</span> <span class='ocrx_word' id='word_1_56' title='bbox 426 1356 529 1435; x_wconf 79' lang='lat' dir='ltr'>lerr03</span> <span class='ocrx_word' id='word_1_57' title='bbox 543 1378 629 1444; x_wconf 83' lang='lat' dir='ltr'>saepe</span> <span class='ocrx_word' id='word_1_58' title='bbox 641 1373 675 1420; x_wconf 90' lang='lat' dir='ltr'>et</span> <span class='ocrx_word' id='word_1_59' title='bbox 686 1378 787 1442; x_wconf 87' lang='lat' dir='ltr'>super</span> <span class='ocrx_word' id='word_1_60' title='bbox 798 1356 867 1446; x_wconf 85' lang='lat' dir='ltr'>ipse</span> <span class='ocrx_word' id='word_1_61' title='bbox 880 1354 1055 1420; x_wconf 83' lang='lat' dir='ltr'><strong>cadentum</strong></span> 
     </span>
     <span class='ocr_line' id='line_1_11' title="bbox 222 1461 1035 1550; baseline -0.001 -26"><span class='ocrx_word' id='word_1_62' title='bbox 222 1462 356 1542; x_wconf 74' lang='lat' dir='ltr'>Pocula,</span> <span class='ocrx_word' id='word_1_63' title='bbox 371 1463 527 1550; x_wconf 84' lang='lat' dir='ltr'>respersis</span> <span class='ocrx_word' id='word_1_64' title='bbox 538 1484 606 1526; x_wconf 88' lang='lat' dir='ltr'>non</span> <span class='ocrx_word' id='word_1_65' title='bbox 619 1483 718 1550; x_wconf 84' lang='lat' dir='ltr'>parco</span> <span class='ocrx_word' id='word_1_66' title='bbox 731 1462 890 1548; x_wconf 78' lang='lat' dir='ltr'>sauguine</span> <span class='ocrx_word' id='word_1_67' title='bbox 902 1461 1035 1526; x_wconf 81' lang='lat' dir='ltr'>mensis.</span> 
     </span>
     <span class='ocr_line' id='line_1_12' title="bbox 268 1567 1275 1656; baseline -0.002 -24"><span class='ocrx_word' id='word_1_68' title='bbox 268 1569 350 1648; x_wconf 83' lang='lat' dir='ltr'>Hos,</span> <span class='ocrx_word' id='word_1_69' title='bbox 362 1585 435 1634; x_wconf 85' lang='lat' dir='ltr'>astu</span> <span class='ocrx_word' id='word_1_70' title='bbox 446 1567 635 1656; x_wconf 76' lang='lat' dir='ltr'>adgressus,</span> <span class='ocrx_word' id='word_1_71' title='bbox 649 1590 716 1656; x_wconf 92' lang='lat' dir='ltr'>quo</span> <span class='ocrx_word' id='word_1_72' title='bbox 730 1583 872 1632; x_wconf 78' lang='lat' dir='ltr'>verteret</span> <span class='ocrx_word' id='word_1_73' title='bbox 883 1567 988 1631; x_wconf 86' lang='lat' dir='ltr'>acrius</span> <span class='ocrx_word' id='word_1_74' title='bbox 1001 1589 1101 1654; x_wconf 71' lang='lat' dir='ltr'>:egres</span> <span class='ocrx_word' id='word_1_75' title='bbox 1241 1576 1275 1623; x_wconf 76' lang='lat'>5⁵</span> 
     </span>
    </p>
   </div>
   <div class='ocr_carea' id='block_1_3' title="bbox 223 1741 1276 1880">
    <p class='ocr_par' dir='ltr' id='par_1_3' title="bbox 223 1741 1276 1880">
     <span class='ocr_line' id='line_1_13' title="bbox 225 1741 1275 1812; baseline -0.008 -16"><span class='ocrx_word' id='word_1_76' title='bbox 225 1747 267 1804; x_wconf 82' lang='lat'>55;</span> <span class='ocrx_word' id='word_1_77' title='bbox 283 1749 343 1808; x_wconf 81' lang='lat' dir='ltr'>Quin</span> <span class='ocrx_word' id='word_1_78' title='bbox 359 1752 453 1795; x_wconf 69' lang='lat' dir='ltr'>aiam...</span> <span class='ocrx_word' id='word_1_79' title='bbox 468 1753 563 1805; x_wconf 78' lang='lat' dir='ltr'>mensis,</span> <span class='ocrx_word' id='word_1_80' title='bbox 575 1747 640 1812; x_wconf 89' lang='lat' dir='ltr'>quod</span> <span class='ocrx_word' id='word_1_81' title='bbox 651 1760 772 1796; x_wconf 80' lang='lat' dir='ltr'>sumerent</span> <span class='ocrx_word' id='word_1_82' title='bbox 782 1747 860 1795; x_wconf 75' lang='lat' dir='ltr'>earu.</span> <span class='ocrx_word' id='word_1_83' title='bbox 874 1746 916 1794; x_wconf 76' lang='lat' dir='ltr'>Ad.</span> <span class='ocrx_word' id='word_1_84' title='bbox 932 1748 978 1805; x_wconf 85' lang='grc' dir='ltr'>ΙΙΙ,</span> <span class='ocrx_word' id='word_1_85' title='bbox 994 1763 1034 1803; x_wconf 87' lang='grc' dir='ltr'>ιο,</span> <span class='ocrx_word' id='word_1_86' title='bbox 1049 1757 1072 1792; x_wconf 86' lang='lat' dir='ltr'>et</span> <span class='ocrx_word' id='word_1_87' title='bbox 1083 1741 1153 1792; x_wconf 80' lang='lat' dir='ltr'>Droi.</span> <span class='ocrx_word' id='word_1_88' title='bbox 1168 1753 1195 1788; x_wconf 89' lang='lat' dir='ltr'>ut</span> <span class='ocrx_word' id='word_1_89' title='bbox 1205 1741 1275 1788; x_wconf 78' lang='lat' dir='ltr'>Silius</span> 
     </span>
     <span class='ocr_line' id='line_1_14' title="bbox 223 1813 1276 1880; baseline -0.007 -17"><span class='ocrx_word' id='word_1_90' title='bbox 223 1819 393 1880; x_wconf 71' lang='lat' dir='ltr'><strong>Campanorum</strong></span> <span class='ocrx_word' id='word_1_91' title='bbox 404 1815 498 1865; x_wconf 76' lang='lat' dir='ltr'>luxuriae</span> <span class='ocrx_word' id='word_1_92' title='bbox 510 1831 533 1865; x_wconf 88' lang='lat' dir='ltr'>et</span> <span class='ocrx_word' id='word_1_93' title='bbox 542 1820 650 1865; x_wconf 80' lang='lat' dir='ltr'>conviviis</span> <span class='ocrx_word' id='word_1_94' title='bbox 662 1817 772 1880; x_wconf 71' lang='lat' dir='ltr'>adjunget</span> <span class='ocrx_word' id='word_1_95' title='bbox 781 1817 940 1864; x_wconf 72' lang='lat' dir='ltr'>crudelitatem</span> <span class='ocrx_word' id='word_1_96' title='bbox 949 1817 1069 1880; x_wconf 70' lang='lat' dir='ltr'>cedesque</span> <span class='ocrx_word' id='word_1_97' title='bbox 1078 1817 1102 1860; x_wconf 89' lang='lat' dir='ltr'>in</span> <span class='ocrx_word' id='word_1_98' title='bbox 1112 1813 1194 1860; x_wconf 83' lang='lat' dir='ltr'>iisdem</span> <span class='ocrx_word' id='word_1_99' title='bbox 1203 1813 1276 1858; x_wconf 75' lang='lat' dir='ltr'>usita-</span> 
     </span>
    </p>
   </div>
   <div class='ocr_carea' id='block_1_4' title="bbox 153 1888 1273 1953">
    <p class='ocr_par' dir='ltr' id='par_1_4' title="bbox 153 1888 1273 1953">
     <span class='ocr_line' id='line_1_15' title="bbox 153 1888 1273 1953; baseline -0.005 -17"><span class='ocrx_word' id='word_1_100' title='bbox 153 1888 156 1900; x_wconf 93' lang='lat'>&#39;</span> <span class='ocrx_word' id='word_1_101' title='bbox 224 1899 271 1947; x_wconf 82' lang='lat' dir='ltr'>trs,</span> <span class='ocrx_word' id='word_1_102' title='bbox 284 1902 308 1936; x_wconf 88' lang='lat' dir='ltr'>et</span> <span class='ocrx_word' id='word_1_103' title='bbox 320 1891 374 1938; x_wconf 86' lang='lat' dir='ltr'>inde</span> <span class='ocrx_word' id='word_1_104' title='bbox 385 1901 486 1938; x_wconf 78' lang='lat' dir='ltr'>transeut</span> <span class='ocrx_word' id='word_1_105' title='bbox 496 1891 526 1937; x_wconf 78' lang='lat' dir='ltr'>ed</span> <span class='ocrx_word' id='word_1_106' title='bbox 537 1906 617 1938; x_wconf 75' lang='lat' dir='ltr'>causes</span> <span class='ocrx_word' id='word_1_107' title='bbox 626 1891 763 1938; x_wconf 79' lang='lat' dir='ltr'>defectionis</span> <span class='ocrx_word' id='word_1_108' title='bbox 773 1907 785 1936; x_wconf 84' lang='lat' dir='ltr'>e</span> <span class='ocrx_word' id='word_1_109' title='bbox 797 1891 919 1946; x_wconf 81' lang='lat' dir='ltr'>Romanis,</span> <span class='ocrx_word' id='word_1_110' title='bbox 933 1905 985 1953; x_wconf 75' lang='lat' dir='ltr'>qsiae</span> <span class='ocrx_word' id='word_1_111' title='bbox 998 1904 1038 1936; x_wconf 84' lang='lat' dir='ltr'>eos</span> <span class='ocrx_word' id='word_1_112' title='bbox 1047 1890 1069 1935; x_wconf 89' lang='lat' dir='ltr'>io</span> <span class='ocrx_word' id='word_1_113' title='bbox 1078 1888 1205 1950; x_wconf 85' lang='lat' dir='ltr'>perniciem</span> <span class='ocrx_word' id='word_1_114' title='bbox 1214 1901 1273 1931; x_wconf 85' lang='lat' dir='ltr'>eon-</span> 
     </span>
    </p>
   </div>
   <div class='ocr_carea' id='block_1_5' title="bbox 221 1955 1345 2872">
    <p class='ocr_par' dir='ltr' id='par_1_5' title="bbox 221 1955 1345 2872">
     <span class='ocr_line' id='line_1_16' title="bbox 221 1955 1272 2022; baseline -0.004 -17"><span class='ocrx_word' id='word_1_115' title='bbox 221 1961 316 2019; x_wconf 81' lang='lat' dir='ltr'>jeeerit,</span> <span class='ocrx_word' id='word_1_116' title='bbox 330 1960 360 2006; x_wconf 76' lang='lat' dir='ltr'>ad</span> <span class='ocrx_word' id='word_1_117' title='bbox 367 1959 481 2021; x_wconf 79' lang='lat' dir='ltr'>juvenum</span> <span class='ocrx_word' id='word_1_118' title='bbox 492 1975 621 2022; x_wconf 79' lang='lat' dir='ltr'>senumque</span> <span class='ocrx_word' id='word_1_119' title='bbox 634 1962 740 2017; x_wconf 82' lang='lat' dir='ltr'>crimine,</span> <span class='ocrx_word' id='word_1_120' title='bbox 755 1960 785 2006; x_wconf 76' lang='lat' dir='ltr'>ed</span> <span class='ocrx_word' id='word_1_121' title='bbox 797 1977 884 2022; x_wconf 69' lang='lat' dir='ltr'>regrum</span> <span class='ocrx_word' id='word_1_122' title='bbox 898 1973 983 2007; x_wconf 80' lang='lat' dir='ltr'>emtum</span> <span class='ocrx_word' id='word_1_123' title='bbox 993 1961 1064 2022; x_wconf 79' lang='lat' dir='ltr'>ipsius</span> <span class='ocrx_word' id='word_1_124' title='bbox 1077 1955 1177 2020; x_wconf 85' lang='lat' dir='ltr'>reipubl.</span> <span class='ocrx_word' id='word_1_125' title='bbox 1191 1968 1214 2002; x_wconf 86' lang='lat' dir='ltr'>er</span> <span class='ocrx_word' id='word_1_126' title='bbox 1225 1955 1272 2001; x_wconf 87' lang='lat' dir='ltr'>de-</span> 
     </span>
     <span class='ocr_line' id='line_1_17' title="bbox 224 2025 1274 2093; baseline -0.006 -17"><span class='ocrx_word' id='word_1_127' title='bbox 224 2031 294 2091; x_wconf 84' lang='lat' dir='ltr'>nique</span> <span class='ocrx_word' id='word_1_128' title='bbox 310 2031 340 2080; x_wconf 87' lang='lat' dir='ltr'>nd</span> <span class='ocrx_word' id='word_1_129' title='bbox 352 2033 496 2078; x_wconf 70' lang='lat' dir='ltr'>ooeadonem</span> <span class='ocrx_word' id='word_1_130' title='bbox 507 2031 659 2092; x_wconf 77' lang='lat' dir='ltr'>adgrediundi</span> <span class='ocrx_word' id='word_1_131' title='bbox 670 2031 777 2088; x_wconf 86' lang='lat' dir='ltr'>dominii,</span> <span class='ocrx_word' id='word_1_132' title='bbox 788 2031 818 2078; x_wconf 85' lang='lat' dir='ltr'>sb</span> <span class='ocrx_word' id='word_1_133' title='bbox 829 2031 955 2078; x_wconf 73' lang='lat' dir='ltr'>Hannibale</span> <span class='ocrx_word' id='word_1_134' title='bbox 967 2043 1063 2093; x_wconf 75' lang='lat' dir='ltr'>ceptam.</span> <span class='ocrx_word' id='word_1_135' title='bbox 1075 2031 1128 2076; x_wconf 84' lang='lat' dir='ltr'>Non</span> <span class='ocrx_word' id='word_1_136' title='bbox 1143 2028 1217 2073; x_wconf 80' lang='lat' dir='ltr'>mele:</span> <span class='ocrx_word' id='word_1_137' title='bbox 1230 2025 1274 2072; x_wconf 79' lang='lat' dir='ltr'>sed</span> 
     </span>
     <span class='ocr_line' id='line_1_18' title="bbox 223 2093 1274 2164; baseline -0.003 -20"><span class='ocrx_word' id='word_1_138' title='bbox 223 2111 292 2160; x_wconf 84' lang='lat' dir='ltr'>poeta</span> <span class='ocrx_word' id='word_1_139' title='bbox 306 2115 354 2148; x_wconf 92' lang='lat' dir='ltr'>non</span> <span class='ocrx_word' id='word_1_140' title='bbox 367 2115 460 2162; x_wconf 85' lang='lat' dir='ltr'>semper</span> <span class='ocrx_word' id='word_1_141' title='bbox 470 2101 529 2146; x_wconf 79' lang='lat' dir='ltr'>benc</span> <span class='ocrx_word' id='word_1_142' title='bbox 542 2101 627 2147; x_wconf 80' lang='lat' dir='ltr'>ordinis</span> <span class='ocrx_word' id='word_1_143' title='bbox 639 2101 789 2148; x_wconf 79' lang='lat' dir='ltr'>subtilitatem</span> <span class='ocrx_word' id='word_1_144' title='bbox 800 2113 878 2156; x_wconf 78' lang='lat' dir='ltr'>curet,</span> <span class='ocrx_word' id='word_1_145' title='bbox 890 2101 955 2164; x_wconf 86' lang='lat' dir='ltr'>quod</span> <span class='ocrx_word' id='word_1_146' title='bbox 964 2099 1012 2162; x_wconf 78' lang='lat' dir='ltr'>jem</span> <span class='ocrx_word' id='word_1_147' title='bbox 1021 2101 1110 2146; x_wconf 91' lang='lat' dir='ltr'>monuit</span> <span class='ocrx_word' id='word_1_148' title='bbox 1121 2099 1174 2142; x_wconf 85' lang='lat' dir='ltr'>Em.</span> <span class='ocrx_word' id='word_1_149' title='bbox 1186 2093 1274 2157; x_wconf 81' lang='lat' dir='ltr'>populo</span> 
     </span>
     <span class='ocr_line' id='line_1_19' title="bbox 224 2168 1273 2236; baseline -0.003 -22"><span class='ocrx_word' id='word_1_150' title='bbox 224 2173 308 2225; x_wconf 81' lang='lat' dir='ltr'>eversi,</span> <span class='ocrx_word' id='word_1_151' title='bbox 318 2170 356 2216; x_wconf 80' lang='lat' dir='ltr'>vel</span> <span class='ocrx_word' id='word_1_152' title='bbox 366 2173 443 2232; x_wconf 84' lang='lat' dir='ltr'>potins</span> <span class='ocrx_word' id='word_1_153' title='bbox 450 2171 536 2234; x_wconf 84' lang='lat' dir='ltr'>populo</span> <span class='ocrx_word' id='word_1_154' title='bbox 544 2175 604 2218; x_wconf 83' lang='lat' dir='ltr'>serui</span> <span class='ocrx_word' id='word_1_155' title='bbox 613 2173 693 2218; x_wconf 81' lang='lat' dir='ltr'>Patres</span> <span class='ocrx_word' id='word_1_156' title='bbox 703 2175 711 2232; x_wconf 92' lang='lat'>(</span> <span class='ocrx_word' id='word_1_157' title='bbox 720 2187 779 2236; x_wconf 85' lang='lat' dir='ltr'>quot</span> <span class='ocrx_word' id='word_1_158' title='bbox 790 2173 851 2235; x_wconf 88' lang='lat' dir='ltr'>plebi</span> <span class='ocrx_word' id='word_1_159' title='bbox 860 2185 883 2220; x_wconf 87' lang='lat' dir='ltr'>et</span> <span class='ocrx_word' id='word_1_160' title='bbox 892 2174 993 2218; x_wconf 79' lang='lat' dir='ltr'>Pacuvio</span> <span class='ocrx_word' id='word_1_161' title='bbox 1002 2171 1114 2217; x_wconf 82' lang='lat' dir='ltr'>obnoxios</span> <span class='ocrx_word' id='word_1_162' title='bbox 1126 2168 1212 2222; x_wconf 84' lang='lat' dir='ltr'>fuisse,</span> <span class='ocrx_word' id='word_1_163' title='bbox 1224 2179 1273 2211; x_wconf 86' lang='lat' dir='ltr'>non</span> 
     </span>
     <span class='ocr_line' id='line_1_20' title="bbox 224 2235 1271 2306; baseline -0.005 -21"><span class='ocrx_word' id='word_1_164' title='bbox 224 2255 271 2285; x_wconf 89' lang='lat' dir='ltr'>uno</span> <span class='ocrx_word' id='word_1_165' title='bbox 280 2240 333 2287; x_wconf 86' lang='lat' dir='ltr'>loeo</span> <span class='ocrx_word' id='word_1_166' title='bbox 344 2252 441 2287; x_wconf 78' lang='lat' dir='ltr'>testatur</span> <span class='ocrx_word' id='word_1_167' title='bbox 450 2243 542 2301; x_wconf 81' lang='lat' dir='ltr'>livius)</span> <span class='ocrx_word' id='word_1_168' title='bbox 554 2242 653 2290; x_wconf 80' lang='lat' dir='ltr'>molebat</span> <span class='ocrx_word' id='word_1_169' title='bbox 662 2245 691 2288; x_wconf 84' lang='lat' dir='ltr'>N.</span> <span class='ocrx_word' id='word_1_170' title='bbox 702 2245 780 2292; x_wconf 83' lang='lat' dir='ltr'>lleins.</span> <span class='ocrx_word' id='word_1_171' title='bbox 794 2259 865 2306; x_wconf 84' lang='lat' dir='ltr'>quem</span> <span class='ocrx_word' id='word_1_172' title='bbox 873 2242 919 2290; x_wconf 78' lang='lat' dir='ltr'>vid.</span> <span class='ocrx_word' id='word_1_173' title='bbox 933 2243 961 2290; x_wconf 77' lang='lat' dir='ltr'>ad</span> <span class='ocrx_word' id='word_1_174' title='bbox 974 2241 1040 2288; x_wconf 79' lang='lat' dir='ltr'>ovid.</span> <span class='ocrx_word' id='word_1_175' title='bbox 1054 2243 1133 2287; x_wconf 80' lang='lat' dir='ltr'>Amor.</span> <span class='ocrx_word' id='word_1_176' title='bbox 1144 2239 1168 2292; x_wconf 89' lang='lat' dir='ltr'>l,</span> <span class='ocrx_word' id='word_1_177' title='bbox 1178 2250 1218 2292; x_wconf 77' lang='lat' dir='ltr'>rr,</span> <span class='ocrx_word' id='word_1_178' title='bbox 1233 2235 1271 2298; x_wconf 66' lang='lat'>74,</span> 
     </span>
     <span class='ocr_line' id='line_1_21' title="bbox 224 2305 1272 2376; baseline -0.005 -21"><span class='ocrx_word' id='word_1_179' title='bbox 224 2333 256 2344; x_wconf 89' lang='lat'>--·</span> <span class='ocrx_word' id='word_1_180' title='bbox 267 2309 305 2365; x_wconf 70' lang='grc'>45.</span> <span class='ocrx_word' id='word_1_181' title='bbox 319 2309 373 2356; x_wconf 84' lang='lat' dir='ltr'>loetn</span> <span class='ocrx_word' id='word_1_182' title='bbox 388 2311 437 2357; x_wconf 89' lang='lat' dir='ltr'>Col.</span> <span class='ocrx_word' id='word_1_183' title='bbox 447 2311 523 2374; x_wconf 62' lang='lat' dir='ltr'>Vulgo</span> <span class='ocrx_word' id='word_1_184' title='bbox 540 2309 621 2358; x_wconf 83' lang='lat' dir='ltr'>lnoem.</span> <span class='ocrx_word' id='word_1_185' title='bbox 638 2312 685 2358; x_wconf 87' lang='lat' dir='ltr'>Sed</span> <span class='ocrx_word' id='word_1_186' title='bbox 696 2311 769 2369; x_wconf 77' lang='lat' dir='ltr'>elota,</span> <span class='ocrx_word' id='word_1_187' title='bbox 785 2310 809 2358; x_wconf 93' lang='lat' dir='ltr'>b.</span> <span class='ocrx_word' id='word_1_188' title='bbox 823 2329 844 2359; x_wconf 90' lang='lat' dir='ltr'>e.</span> <span class='ocrx_word' id='word_1_189' title='bbox 857 2311 971 2376; x_wconf 70' lang='lat' dir='ltr'>adrogans</span> <span class='ocrx_word' id='word_1_190' title='bbox 986 2321 1010 2358; x_wconf 91' lang='lat' dir='ltr'>et</span> <span class='ocrx_word' id='word_1_191' title='bbox 1023 2321 1107 2372; x_wconf 85' lang='lat' dir='ltr'>potens</span> <span class='ocrx_word' id='word_1_192' title='bbox 1121 2308 1195 2362; x_wconf 78' lang='lat' dir='ltr'>leem,</span> <span class='ocrx_word' id='word_1_193' title='bbox 1209 2305 1272 2364; x_wconf 78' lang='lat' dir='ltr'>oonj.</span> 
     </span>
     <span class='ocr_line' id='line_1_22' title="bbox 225 2375 1274 2445; baseline -0.003 -21"><span class='ocrx_word' id='word_1_194' title='bbox 225 2381 254 2425; x_wconf 85' lang='lat' dir='ltr'>N.</span> <span class='ocrx_word' id='word_1_195' title='bbox 267 2379 345 2426; x_wconf 81' lang='lat' dir='ltr'>lleins.</span> <span class='ocrx_word' id='word_1_196' title='bbox 359 2380 410 2428; x_wconf 88' lang='lat' dir='ltr'>coll.</span> <span class='ocrx_word' id='word_1_197' title='bbox 423 2397 445 2427; x_wconf 85' lang='lat' dir='ltr'>v.</span> <span class='ocrx_word' id='word_1_198' title='bbox 459 2377 513 2443; x_wconf 70' lang='grc'>493.</span> <span class='ocrx_word' id='word_1_199' title='bbox 526 2382 606 2428; x_wconf 76' lang='lat' dir='ltr'>Invida</span> <span class='ocrx_word' id='word_1_200' title='bbox 616 2379 711 2430; x_wconf 67' lang='lat' dir='ltr'>lautitiae</span> <span class='ocrx_word' id='word_1_201' title='bbox 721 2384 804 2445; x_wconf 81' lang='lat' dir='ltr'>corrig.</span> <span class='ocrx_word' id='word_1_202' title='bbox 814 2383 915 2430; x_wconf 81' lang='lat' dir='ltr'>Withof.</span> <span class='ocrx_word' id='word_1_203' title='bbox 925 2380 1003 2438; x_wconf 73' lang='grc'><strong>-46,</strong></span> <span class='ocrx_word' id='word_1_204' title='bbox 1017 2381 1083 2443; x_wconf 81' lang='lat' dir='ltr'>pubis</span> <span class='ocrx_word' id='word_1_205' title='bbox 1099 2394 1144 2440; x_wconf 93' lang='lat' dir='ltr'>pro</span> <span class='ocrx_word' id='word_1_206' title='bbox 1160 2375 1231 2438; x_wconf 68' lang='lat' dir='ltr'>peltes</span> <span class='ocrx_word' id='word_1_207' title='bbox 1246 2391 1274 2422; x_wconf 82' lang='lat' dir='ltr'>ex</span> 
     </span>
     <span class='ocr_line' id='line_1_23' title="bbox 225 2446 1271 2517; baseline -0.004 -21"><span class='ocrx_word' id='word_1_208' title='bbox 225 2451 316 2498; x_wconf 80' lang='lat' dir='ltr'>emend.</span> <span class='ocrx_word' id='word_1_209' title='bbox 329 2451 428 2510; x_wconf 77' lang='lat' dir='ltr'>Bertbii3</span> <span class='ocrx_word' id='word_1_210' title='bbox 439 2455 547 2499; x_wconf 78' lang='lat' dir='ltr'>sedenim</span> <span class='ocrx_word' id='word_1_211' title='bbox 557 2456 650 2510; x_wconf 69' lang='lat' dir='ltr'>tenens,</span> <span class='ocrx_word' id='word_1_212' title='bbox 662 2455 699 2502; x_wconf 81' lang='lat' dir='ltr'>sel</span> <span class='ocrx_word' id='word_1_213' title='bbox 710 2459 733 2501; x_wconf 81' lang='lat' dir='ltr'>t&#39;n</span> <span class='ocrx_word' id='word_1_214' title='bbox 745 2459 826 2502; x_wconf 66' lang='lat' dir='ltr'>tenens</span> <span class='ocrx_word' id='word_1_215' title='bbox 838 2457 956 2502; x_wconf 80' lang='lat' dir='ltr'>tememrs&#39;a</span> <span class='ocrx_word' id='word_1_216' title='bbox 967 2452 1057 2517; x_wconf 74' lang='lat' dir='ltr'>ephebis</span> <span class='ocrx_word' id='word_1_217' title='bbox 1071 2454 1113 2511; x_wconf 87' lang='lat' dir='ltr'>(nt</span> <span class='ocrx_word' id='word_1_218' title='bbox 1122 2467 1160 2513; x_wconf 85' lang='lat' dir='ltr'>ep.</span> <span class='ocrx_word' id='word_1_219' title='bbox 1172 2446 1271 2495; x_wconf 75' lang='lat' dir='ltr'>limtinl.</span> 
     </span>
     <span class='ocr_line' id='line_1_24' title="bbox 224 2517 1345 2588; baseline 0.001 -22"><span class='ocrx_word' id='word_1_220' title='bbox 224 2522 269 2578; x_wconf 84' lang='lat' dir='ltr'>lli,</span> <span class='ocrx_word' id='word_1_221' title='bbox 282 2539 309 2584; x_wconf 86' lang='lat'>9,</span> <span class='ocrx_word' id='word_1_222' title='bbox 324 2535 347 2570; x_wconf 80' lang='lat' dir='ltr'>rt</span> <span class='ocrx_word' id='word_1_223' title='bbox 361 2523 415 2570; x_wconf 80' lang='lat' dir='ltr'>Stet.</span> <span class='ocrx_word' id='word_1_224' title='bbox 428 2523 472 2570; x_wconf 85' lang='lat' dir='ltr'>Th.</span> <span class='ocrx_word' id='word_1_225' title='bbox 485 2525 509 2579; x_wconf 90' lang='lat' dir='ltr'>l,</span> <span class='ocrx_word' id='word_1_226' title='bbox 525 2522 586 2582; x_wconf 67' lang='lat' dir='ltr'>iol)</span> <span class='ocrx_word' id='word_1_227' title='bbox 601 2525 726 2586; x_wconf 68' lang='lat' dir='ltr'>legendum</span> <span class='ocrx_word' id='word_1_228' title='bbox 737 2526 833 2588; x_wconf 78' lang='lat' dir='ltr'>putabet</span> <span class='ocrx_word' id='word_1_229' title='bbox 845 2528 874 2582; x_wconf 73' lang='lat' dir='ltr'>li.</span> <span class='ocrx_word' id='word_1_230' title='bbox 887 2527 966 2572; x_wconf 82' lang='lat' dir='ltr'>Heius.</span> <span class='ocrx_word' id='word_1_231' title='bbox 979 2527 1001 2570; x_wconf 87' lang='lat' dir='ltr'>Si</span> <span class='ocrx_word' id='word_1_232' title='bbox 1013 2524 1068 2587; x_wconf 86' lang='lat' dir='ltr'>qnid</span> <span class='ocrx_word' id='word_1_233' title='bbox 1079 2519 1228 2574; x_wconf 78' lang='lat' dir='ltr'>mutandum,</span> <span class='ocrx_word' id='word_1_234' title='bbox 1242 2527 1273 2562; x_wconf 79' lang='lat' dir='ltr'>te-</span> <span class='ocrx_word' id='word_1_235' title='bbox 1343 2517 1345 2526; x_wconf 71' lang='grc'>’</span> 
     </span>
     <span class='ocr_line' id='line_1_25' title="bbox 225 2589 1271 2661; baseline -0.002 -23"><span class='ocrx_word' id='word_1_236' title='bbox 225 2609 285 2639; x_wconf 82' lang='lat' dir='ltr'>nerse</span> <span class='ocrx_word' id='word_1_237' title='bbox 296 2609 433 2656; x_wconf 85' lang='lat' dir='ltr'>reponerem</span> <span class='ocrx_word' id='word_1_238' title='bbox 444 2612 488 2656; x_wconf 88' lang='lat' dir='ltr'>pro</span> <span class='ocrx_word' id='word_1_239' title='bbox 499 2599 591 2642; x_wconf 72' lang='lat' dir='ltr'>intereo.</span> <span class='ocrx_word' id='word_1_240' title='bbox 603 2622 635 2634; x_wconf 91' lang='lat'><em>-</em></span> <span class='ocrx_word' id='word_1_241' title='bbox 646 2597 684 2654; x_wconf 72' lang='grc'>48.</span> <span class='ocrx_word' id='word_1_242' title='bbox 697 2600 841 2661; x_wconf 81' lang='lat' dir='ltr'>dispectsque</span> <span class='ocrx_word' id='word_1_243' title='bbox 851 2597 901 2644; x_wconf 87' lang='lat' dir='ltr'>Col.</span> <span class='ocrx_word' id='word_1_244' title='bbox 917 2623 949 2635; x_wconf 94' lang='lat'><em>-</em></span> <span class='ocrx_word' id='word_1_245' title='bbox 963 2599 1000 2644; x_wconf 85' lang='lat'>50.</span> <span class='ocrx_word' id='word_1_246' title='bbox 1013 2599 1105 2659; x_wconf 79' lang='lat' dir='ltr'>imperio</span> <span class='ocrx_word' id='word_1_247' title='bbox 1115 2593 1204 2656; x_wconf 87' lang='lat' dir='ltr'>primus</span> <span class='ocrx_word' id='word_1_248' title='bbox 1218 2589 1271 2636; x_wconf 85' lang='lat' dir='ltr'>edi·</span> 
     </span>
     <span class='ocr_line' id='line_1_26' title="bbox 224 2659 1272 2730; baseline -0.004 -22"><span class='ocrx_word' id='word_1_249' title='bbox 224 2663 257 2709; x_wconf 82' lang='lat' dir='ltr'>dit</span> <span class='ocrx_word' id='word_1_250' title='bbox 269 2665 360 2712; x_wconf 79' lang='lat' dir='ltr'>Mersus</span> <span class='ocrx_word' id='word_1_251' title='bbox 375 2678 461 2728; x_wconf 85' lang='lat' dir='ltr'>etpost</span> <span class='ocrx_word' id='word_1_252' title='bbox 473 2681 526 2712; x_wconf 85' lang='lat' dir='ltr'>eum</span> <span class='ocrx_word' id='word_1_253' title='bbox 536 2665 581 2712; x_wconf 80' lang='lat' dir='ltr'>alii.</span> <span class='ocrx_word' id='word_1_254' title='bbox 592 2691 623 2704; x_wconf 90' lang='lat'>-</span> <span class='ocrx_word' id='word_1_255' title='bbox 633 2669 670 2714; x_wconf 78' lang='lat'>52.</span> <span class='ocrx_word' id='word_1_256' title='bbox 683 2669 733 2714; x_wconf 80' lang='lat' dir='ltr'>diro</span> <span class='ocrx_word' id='word_1_257' title='bbox 743 2669 875 2730; x_wconf 72' lang='lat' dir='ltr'>praestiterit</span> <span class='ocrx_word' id='word_1_258' title='bbox 886 2666 966 2728; x_wconf 77' lang='lat' dir='ltr'>jutlioe</span> <span class='ocrx_word' id='word_1_259' title='bbox 978 2669 1047 2713; x_wconf 78' lang='lat' dir='ltr'>etism</span> <span class='ocrx_word' id='word_1_260' title='bbox 1058 2665 1086 2710; x_wconf 76' lang='lat' dir='ltr'>ll.</span> <span class='ocrx_word' id='word_1_261' title='bbox 1099 2665 1177 2709; x_wconf 82' lang='lat' dir='ltr'>lleins.</span> <span class='ocrx_word' id='word_1_262' title='bbox 1189 2685 1220 2698; x_wconf 85' lang='lat'>·-</span> <span class='ocrx_word' id='word_1_263' title='bbox 1233 2659 1272 2705; x_wconf 78' lang='lat'>55.</span> 
     </span>
     <span class='ocr_line' id='line_1_27' title="bbox 224 2733 1274 2800; baseline 0.001 -18"><span class='ocrx_word' id='word_1_264' title='bbox 224 2733 275 2778; x_wconf 78' lang='lat' dir='ltr'>Hac</span> <span class='ocrx_word' id='word_1_265' title='bbox 288 2735 348 2795; x_wconf 71' lang='lat' dir='ltr'>(que</span> <span class='ocrx_word' id='word_1_266' title='bbox 361 2735 455 2797; x_wconf 73' lang='lat' dir='ltr'>petebat</span> <span class='ocrx_word' id='word_1_267' title='bbox 467 2749 528 2798; x_wconf 85' lang='lat' dir='ltr'>resp.</span> <span class='ocrx_word' id='word_1_268' title='bbox 542 2737 719 2800; x_wconf 75' lang='lat' dir='ltr'>Cepnane‚¹per</span> <span class='ocrx_word' id='word_1_269' title='bbox 732 2739 794 2785; x_wconf 85' lang='lat' dir='ltr'>viros</span> <span class='ocrx_word' id='word_1_270' title='bbox 804 2740 914 2786; x_wconf 83' lang='lat' dir='ltr'>nimirum</span> <span class='ocrx_word' id='word_1_271' title='bbox 926 2735 1006 2784; x_wconf 82' lang='lat' dir='ltr'>humili</span> <span class='ocrx_word' id='word_1_272' title='bbox 1018 2738 1088 2797; x_wconf 78' lang='lat' dir='ltr'>stirpe</span> <span class='ocrx_word' id='word_1_273' title='bbox 1101 2745 1124 2780; x_wconf 85' lang='lat' dir='ltr'>et</span> <span class='ocrx_word' id='word_1_274' title='bbox 1134 2734 1211 2794; x_wconf 65' lang='lat' dir='ltr'>privil</span> <span class='ocrx_word' id='word_1_275' title='bbox 1221 2745 1274 2776; x_wconf 65' lang='grc' dir='ltr'>Νο-</span> 
     </span>
     <span class='ocr_line' id='line_1_28' title="bbox 225 2801 1275 2872; baseline -0.003 -23"><span class='ocrx_word' id='word_1_276' title='bbox 225 2801 300 2859; x_wconf 71' lang='lat' dir='ltr'>ribos)</span> <span class='ocrx_word' id='word_1_277' title='bbox 309 2807 391 2865; x_wconf 63' lang='lat' dir='ltr'>corrig.</span> <span class='ocrx_word' id='word_1_278' title='bbox 403 2803 480 2851; x_wconf 60' lang='grc' dir='ltr'>Βοιὼ.</span> <span class='ocrx_word' id='word_1_279' title='bbox 490 2804 542 2852; x_wconf 87' lang='lat' dir='ltr'>loco</span> <span class='ocrx_word' id='word_1_280' title='bbox 552 2807 629 2854; x_wconf 76' lang='lat' dir='ltr'>eitero.</span> <span class='ocrx_word' id='word_1_281' title='bbox 640 2807 685 2872; x_wconf 74' lang='lat' dir='ltr'>Sed</span> <span class='ocrx_word' id='word_1_282' title='bbox 692 2808 739 2854; x_wconf 78' lang='lat' dir='ltr'>rid.</span> <span class='ocrx_word' id='word_1_283' title='bbox 750 2810 823 2856; x_wconf 85' lang='lat' dir='ltr'>Gron.</span> <span class='ocrx_word' id='word_1_284' title='bbox 834 2807 902 2856; x_wconf 67' lang='lat' dir='ltr'>Obsi.</span> <span class='ocrx_word' id='word_1_285' title='bbox 913 2810 954 2864; x_wconf 85' lang='lat' dir='ltr'>lV,</span> <span class='ocrx_word' id='word_1_286' title='bbox 963 2807 986 2864; x_wconf 70' lang='grc'>4.</span> <span class='ocrx_word' id='word_1_287' title='bbox 994 2807 1094 2852; x_wconf 79' lang='lat' dir='ltr'>Versum</span> <span class='ocrx_word' id='word_1_288' title='bbox 1105 2803 1147 2860; x_wconf 78' lang='lat'>58,</span> <span class='ocrx_word' id='word_1_289' title='bbox 1156 2803 1211 2848; x_wconf 78' lang='lat' dir='ltr'>buis</span> <span class='ocrx_word' id='word_1_290' title='bbox 1220 2815 1275 2846; x_wconf 79' lang='lat' dir='ltr'>ven·</span> 
     </span>
    </p>
   </div>
   <div class='ocr_carea' id='block_1_6' title="bbox 222 2945 1274 4214">
    <p class='ocr_par' dir='ltr' id='par_1_6' title="bbox 223 2945 1274 3579">
     <span class='ocr_line' id='line_1_29' title="bbox 225 2945 1273 3022; baseline -0.002 -26"><span class='ocrx_word' id='word_1_291' title='bbox 225 2945 286 2997; x_wconf 84' lang='lat' dir='ltr'>Hseo</span> <span class='ocrx_word' id='word_1_292' title='bbox 304 2961 426 3018; x_wconf 86' lang='lat' dir='ltr'>spectent</span> <span class='ocrx_word' id='word_1_293' title='bbox 445 2949 479 3000; x_wconf 83' lang='lat' dir='ltr'>nd</span> <span class='ocrx_word' id='word_1_294' title='bbox 496 2949 653 3006; x_wconf 72' lang='lat' dir='ltr'>seditionem</span> <span class='ocrx_word' id='word_1_295' title='bbox 675 2953 726 3006; x_wconf 81' lang='lat' dir='ltr'>Ca·</span> <span class='ocrx_word' id='word_1_296' title='bbox 771 2951 806 3004; x_wconf 81' lang='lat' dir='ltr'>ed</span> <span class='ocrx_word' id='word_1_297' title='bbox 818 2951 953 3022; x_wconf 67' lang='lat' dir='ltr'>Vll,i98.</span> <span class='ocrx_word' id='word_1_298' title='bbox 966 2980 1001 2989; x_wconf 94' lang='lat'>-</span> <span class='ocrx_word' id='word_1_299' title='bbox 1014 2945 1130 3014; x_wconf 77' lang='lat' dir='ltr'>51...5t.</span> <span class='ocrx_word' id='word_1_300' title='bbox 1139 2945 1273 3015; x_wconf 71' lang='lat' dir='ltr'>Campani</span> 
     </span>
     <span class='ocr_line' id='line_1_30' title="bbox 225 3024 1274 3102; baseline -0.001 -26"><span class='ocrx_word' id='word_1_301' title='bbox 225 3043 284 3094; x_wconf 79' lang='lat' dir='ltr'>puae</span> <span class='ocrx_word' id='word_1_302' title='bbox 304 3028 373 3080; x_wconf 86' lang='lat' dir='ltr'>inter</span> <span class='ocrx_word' id='word_1_303' title='bbox 392 3029 482 3080; x_wconf 84' lang='lat' dir='ltr'>Patres</span> <span class='ocrx_word' id='word_1_304' title='bbox 502 3029 661 3102; x_wconf 87' lang='lat' dir='ltr'>plebemque</span> <span class='ocrx_word' id='word_1_305' title='bbox 682 3051 727 3084; x_wconf 89' lang='lat' dir='ltr'>or·</span> <span class='ocrx_word' id='word_1_306' title='bbox 770 3032 848 3099; x_wconf 84' lang='lat' dir='ltr'>olim,</span> <span class='ocrx_word' id='word_1_307' title='bbox 864 3043 894 3084; x_wconf 88' lang='lat' dir='ltr'>ut</span> <span class='ocrx_word' id='word_1_308' title='bbox 907 3045 932 3084; x_wconf 85' lang='lat' dir='ltr'>et</span> <span class='ocrx_word' id='word_1_309' title='bbox 944 3030 1072 3094; x_wconf 78' lang='lat' dir='ltr'>Romani,</span> <span class='ocrx_word' id='word_1_310' title='bbox 1084 3026 1201 3080; x_wconf 78' lang='lat' dir='ltr'>oaedibns</span> <span class='ocrx_word' id='word_1_311' title='bbox 1215 3024 1274 3097; x_wconf 73' lang='lat' dir='ltr'>gle-</span> 
     </span>
     <span class='ocr_line' id='line_1_31' title="bbox 227 3105 1274 3184; baseline -0.002 -26"><span class='ocrx_word' id='word_1_312' title='bbox 227 3117 294 3172; x_wconf 70' lang='lat' dir='ltr'>mu,</span> <span class='ocrx_word' id='word_1_313' title='bbox 308 3105 404 3178; x_wconf 81' lang='lat' dir='ltr'>deque</span> <span class='ocrx_word' id='word_1_314' title='bbox 418 3127 442 3159; x_wconf 85' lang='lat' dir='ltr'>v.</span> <span class='ocrx_word' id='word_1_315' title='bbox 454 3111 511 3161; x_wconf 76' lang='lat' dir='ltr'>Lis.</span> <span class='ocrx_word' id='word_1_316' title='bbox 523 3111 620 3176; x_wconf 79' lang='lat' dir='ltr'>xxm,</span> <span class='ocrx_word' id='word_1_317' title='bbox 632 3131 666 3176; x_wconf 75' lang='lat' dir='ltr'>n,</span> <span class='ocrx_word' id='word_1_318' title='bbox 680 3115 726 3184; x_wconf 87' lang='lat' dir='ltr'>qni</span> <span class='ocrx_word' id='word_1_319' title='bbox 771 3111 905 3166; x_wconf 70' lang='lat' dir='ltr'>dierorum</span> <span class='ocrx_word' id='word_1_320' title='bbox 918 3115 944 3164; x_wconf 87' lang='lat' dir='ltr'>in</span> <span class='ocrx_word' id='word_1_321' title='bbox 961 3111 1026 3184; x_wconf 86' lang='lat' dir='ltr'>ipsis</span> <span class='ocrx_word' id='word_1_322' title='bbox 1038 3110 1165 3163; x_wconf 78' lang='lat' dir='ltr'>conviviis</span> <span class='ocrx_word' id='word_1_323' title='bbox 1181 3105 1274 3157; x_wconf 84' lang='lat' dir='ltr'>oblec-</span> 
     </span>
     <span class='ocr_line' id='line_1_32' title="bbox 226 3186 1272 3264; baseline 0 -26"><span class='ocrx_word' id='word_1_324' title='bbox 226 3186 306 3238; x_wconf 82' lang='lat' dir='ltr'>etiem</span> <span class='ocrx_word' id='word_1_325' title='bbox 318 3187 365 3239; x_wconf 90' lang='lat' dir='ltr'>lib.</span> <span class='ocrx_word' id='word_1_326' title='bbox 380 3188 480 3256; x_wconf 81' lang='lat' dir='ltr'>XXIV,</span> <span class='ocrx_word' id='word_1_327' title='bbox 496 3209 555 3263; x_wconf 82' lang='lat' dir='ltr'>oep.</span> <span class='ocrx_word' id='word_1_328' title='bbox 571 3209 602 3258; x_wconf 69' lang='lat' dir='ltr'>r,</span> <span class='ocrx_word' id='word_1_329' title='bbox 621 3206 725 3260; x_wconf 80' lang='lat' dir='ltr'>monet,</span> <span class='ocrx_word' id='word_1_330' title='bbox 770 3191 912 3246; x_wconf 73' lang='lat' dir='ltr'>iubentur:</span> <span class='ocrx_word' id='word_1_331' title='bbox 934 3192 968 3244; x_wconf 89' lang='lat' dir='ltr'>de</span> <span class='ocrx_word' id='word_1_332' title='bbox 990 3210 1044 3264; x_wconf 90' lang='lat' dir='ltr'>qno</span> <span class='ocrx_word' id='word_1_333' title='bbox 1063 3190 1179 3243; x_wconf 79' lang='lat' dir='ltr'>barbam</span> <span class='ocrx_word' id='word_1_334' title='bbox 1197 3203 1272 3238; x_wconf 89' lang='lat' dir='ltr'>more</span> 
     </span>
     <span class='ocr_line' id='line_1_33' title="bbox 223 3264 1271 3344; baseline -0.001 -27"><span class='ocrx_word' id='word_1_335' title='bbox 223 3287 238 3312; x_wconf 69' lang='grc' dir='ltr'>ι</span> <span class='ocrx_word' id='word_1_336' title='bbox 249 3284 330 3318; x_wconf 87' lang='lat' dir='ltr'>unum</span> <span class='ocrx_word' id='word_1_337' title='bbox 356 3268 428 3321; x_wconf 87' lang='lat' dir='ltr'>velut</span> <span class='ocrx_word' id='word_1_338' title='bbox 452 3269 575 3324; x_wconf 84' lang='lat' dir='ltr'>morbum</span> <span class='ocrx_word' id='word_1_339' title='bbox 599 3274 725 3328; x_wconf 79' lang='lat' dir='ltr'>invasisse</span> <span class='ocrx_word' id='word_1_340' title='bbox 769 3272 846 3339; x_wconf 79' lang='lat' dir='ltr'>vide,</span> <span class='ocrx_word' id='word_1_341' title='bbox 866 3289 934 3344; x_wconf 87' lang='lat' dir='ltr'>quos</span> <span class='ocrx_word' id='word_1_342' title='bbox 945 3269 1073 3336; x_wconf 77' lang='lat' dir='ltr'>laudent,</span> <span class='ocrx_word' id='word_1_343' title='bbox 1088 3268 1144 3320; x_wconf 80' lang='lat' dir='ltr'>Lis.</span> <span class='ocrx_word' id='word_1_344' title='bbox 1158 3268 1207 3330; x_wconf 83' lang='lat' dir='ltr'>tx,</span> <span class='ocrx_word' id='word_1_345' title='bbox 1219 3264 1271 3331; x_wconf 69' lang='lat'>4⁰3</span> 
     </span>
     <span class='ocr_line' id='line_1_34' title="bbox 225 3345 1271 3422; baseline 0.001 -27"><span class='ocrx_word' id='word_1_346' title='bbox 225 3361 317 3396; x_wconf 85' lang='lat' dir='ltr'>omnes</span> <span class='ocrx_word' id='word_1_347' title='bbox 330 3346 412 3399; x_wconf 66' lang='lat' dir='ltr'>ltaliae</span> <span class='ocrx_word' id='word_1_348' title='bbox 431 3348 566 3416; x_wconf 77' lang='lat' dir='ltr'>civitates,</span> <span class='ocrx_word' id='word_1_349' title='bbox 584 3362 615 3406; x_wconf 87' lang='lat' dir='ltr'>ut</span> <span class='ocrx_word' id='word_1_350' title='bbox 632 3349 724 3422; x_wconf 85' lang='lat' dir='ltr'>plebes</span> <span class='ocrx_word' id='word_1_351' title='bbox 769 3350 864 3404; x_wconf 76' lang='lat' dir='ltr'>Athen.</span> <span class='ocrx_word' id='word_1_352' title='bbox 878 3351 923 3414; x_wconf 79' lang='grc' dir='ltr'>Ν,</span> <span class='ocrx_word' id='word_1_353' title='bbox 941 3351 984 3412; x_wconf 83' lang='lat'>13;</span> <span class='ocrx_word' id='word_1_354' title='bbox 999 3353 1072 3421; x_wconf 86' lang='lat' dir='ltr'>Lips.</span> <span class='ocrx_word' id='word_1_355' title='bbox 1084 3349 1190 3402; x_wconf 78' lang='lat' dir='ltr'>Satur-n.</span> <span class='ocrx_word' id='word_1_356' title='bbox 1201 3347 1228 3410; x_wconf 79' lang='lat' dir='ltr'>l,</span> <span class='ocrx_word' id='word_1_357' title='bbox 1240 3345 1271 3407; x_wconf 84' lang='lat'>6,</span> 
     </span>
     <span class='ocr_line' id='line_1_35' title="bbox 223 3422 1272 3502; baseline 0 -27"><span class='ocrx_word' id='word_1_358' title='bbox 223 3422 257 3476; x_wconf 82' lang='lat' dir='ltr'>eb</span> <span class='ocrx_word' id='word_1_359' title='bbox 269 3427 440 3494; x_wconf 80' lang='lat' dir='ltr'>optimatibus</span> <span class='ocrx_word' id='word_1_360' title='bbox 450 3428 635 3491; x_wconf 64' lang='lat' dir='ltr'>dissentirem</span> <span class='ocrx_word' id='word_1_361' title='bbox 648 3449 725 3484; x_wconf 83' lang='lat' dir='ltr'>sene·</span> <span class='ocrx_word' id='word_1_362' title='bbox 769 3444 796 3484; x_wconf 86' lang='lat' dir='ltr'>et</span> <span class='ocrx_word' id='word_1_363' title='bbox 809 3429 895 3484; x_wconf 79' lang='lat' dir='ltr'>Strnb.</span> <span class='ocrx_word' id='word_1_364' title='bbox 907 3433 942 3497; x_wconf 80' lang='lat' dir='ltr'>V,</span> <span class='ocrx_word' id='word_1_365' title='bbox 958 3451 985 3502; x_wconf 93' lang='lat' dir='ltr'>p.</span> <span class='ocrx_word' id='word_1_366' title='bbox 1003 3431 1064 3500; x_wconf 80' lang='lat'>175,</span> <span class='ocrx_word' id='word_1_367' title='bbox 1078 3428 1124 3480; x_wconf 90' lang='lat' dir='ltr'>ubi</span> <span class='ocrx_word' id='word_1_368' title='bbox 1136 3427 1208 3480; x_wconf 78' lang='lat' dir='ltr'>coni.</span> <span class='ocrx_word' id='word_1_369' title='bbox 1222 3423 1272 3476; x_wconf 83' lang='lat' dir='ltr'>Gn-</span> 
     </span>
     <span class='ocr_line' id='line_1_36' title="bbox 224 3503 844 3579; baseline 0.011 -25"><span class='ocrx_word' id='word_1_370' title='bbox 224 3513 267 3554; x_wconf 85' lang='lat' dir='ltr'>tus</span> <span class='ocrx_word' id='word_1_371' title='bbox 277 3503 401 3558; x_wconf 79' lang='lat' dir='ltr'>Romanis</span> <span class='ocrx_word' id='word_1_372' title='bbox 412 3507 526 3572; x_wconf 81' lang='lat' dir='ltr'>faveret,</span> <span class='ocrx_word' id='word_1_373' title='bbox 538 3507 614 3579; x_wconf 88' lang='lat' dir='ltr'>plebs</span> <span class='ocrx_word' id='word_1_374' title='bbox 626 3508 660 3562; x_wconf 78' lang='lat' dir='ltr'>ed</span> <span class='ocrx_word' id='word_1_375' title='bbox 669 3512 726 3562; x_wconf 82' lang='lat' dir='ltr'>Poe·</span> <span class='ocrx_word' id='word_1_376' title='bbox 769 3508 844 3564; x_wconf 78' lang='lat' dir='ltr'>seub.</span> 
     </span>
    </p>

    <p class='ocr_par' dir='ltr' id='par_1_7' title="bbox 222 3584 1272 4214">
     <span class='ocr_line' id='line_1_37' title="bbox 225 3584 1272 3660; baseline -0.001 -24"><span class='ocrx_word' id='word_1_377' title='bbox 225 3599 275 3633; x_wconf 81' lang='lat' dir='ltr'>noe</span> <span class='ocrx_word' id='word_1_378' title='bbox 285 3601 341 3635; x_wconf 83' lang='lat' dir='ltr'>rem</span> <span class='ocrx_word' id='word_1_379' title='bbox 356 3585 481 3638; x_wconf 75' lang='lat' dir='ltr'>traheret.</span> <span class='ocrx_word' id='word_1_380' title='bbox 493 3610 504 3632; x_wconf 84' lang='grc' dir='ltr'>ι</span> <span class='ocrx_word' id='word_1_381' title='bbox 518 3618 553 3627; x_wconf 94' lang='grc'>-</span> <span class='ocrx_word' id='word_1_382' title='bbox 562 3590 636 3653; x_wconf 83' lang='lat' dir='ltr'>soevi,</span> <span class='ocrx_word' id='word_1_383' title='bbox 650 3589 725 3657; x_wconf 83' lang='lat' dir='ltr'>irati,</span> <span class='ocrx_word' id='word_1_384' title='bbox 805 3588 847 3642; x_wconf 84' lang='lat'>55.</span> <span class='ocrx_word' id='word_1_385' title='bbox 864 3588 957 3654; x_wconf 80' lang='lat' dir='ltr'>silius,</span> <span class='ocrx_word' id='word_1_386' title='bbox 971 3587 1044 3660; x_wconf 85' lang='lat' dir='ltr'>qnod</span> <span class='ocrx_word' id='word_1_387' title='bbox 1053 3591 1109 3659; x_wconf 80' lang='lat' dir='ltr'>jam</span> <span class='ocrx_word' id='word_1_388' title='bbox 1122 3585 1167 3638; x_wconf 83' lang='lat' dir='ltr'>elii</span> <span class='ocrx_word' id='word_1_389' title='bbox 1180 3584 1272 3636; x_wconf 82' lang='lat' dir='ltr'>obser·</span> 
     </span>
     <span class='ocr_line' id='line_1_38' title="bbox 223 3661 1271 3740; baseline 0.002 -28"><span class='ocrx_word' id='word_1_390' title='bbox 223 3661 439 3715; x_wconf 75' lang='lat' dir='ltr'>infensi—loeta</span> <span class='ocrx_word' id='word_1_391' title='bbox 456 3662 541 3736; x_wconf 80' lang='lat' dir='ltr'>plebes</span> <span class='ocrx_word' id='word_1_392' title='bbox 557 3667 666 3721; x_wconf 75' lang='lat' dir='ltr'>Senetru</span> <span class='ocrx_word' id='word_1_393' title='bbox 681 3668 726 3720; x_wconf 83' lang='lat' dir='ltr'>In·</span> <span class='ocrx_word' id='word_1_394' title='bbox 770 3681 878 3734; x_wconf 79' lang='lat' dir='ltr'>verunt,</span> <span class='ocrx_word' id='word_1_395' title='bbox 890 3669 1072 3740; x_wconf 74' lang='lat' dir='ltr'>pretermissis</span> <span class='ocrx_word' id='word_1_396' title='bbox 1090 3669 1138 3732; x_wconf 85' lang='lat' dir='ltr'>iis,</span> <span class='ocrx_word' id='word_1_397' title='bbox 1156 3683 1214 3735; x_wconf 70' lang='lat' dir='ltr'>que</span> <span class='ocrx_word' id='word_1_398' title='bbox 1227 3665 1271 3714; x_wconf 87' lang='lat' dir='ltr'>L-i-</span> 
     </span>
     <span class='ocr_line' id='line_1_39' title="bbox 225 3739 1271 3817; baseline 0.003 -27"><span class='ocrx_word' id='word_1_399' title='bbox 225 3739 310 3806; x_wconf 82' lang='lat' dir='ltr'>uidia,</span> <span class='ocrx_word' id='word_1_400' title='bbox 326 3741 438 3795; x_wconf 85' lang='lat' dir='ltr'>libenter</span> <span class='ocrx_word' id='word_1_401' title='bbox 450 3755 476 3796; x_wconf 87' lang='lat' dir='ltr'>et</span> <span class='ocrx_word' id='word_1_402' title='bbox 488 3745 585 3817; x_wconf 86' lang='lat' dir='ltr'>cupide</span> <span class='ocrx_word' id='word_1_403' title='bbox 598 3745 725 3799; x_wconf 78' lang='lat' dir='ltr'>iuvidiam</span> <span class='ocrx_word' id='word_1_404' title='bbox 769 3749 826 3800; x_wconf 81' lang='lat' dir='ltr'>sius</span> <span class='ocrx_word' id='word_1_405' title='bbox 837 3747 936 3814; x_wconf 82' lang='lat' dir='ltr'>XXIII,</span> <span class='ocrx_word' id='word_1_406' title='bbox 948 3767 992 3800; x_wconf 84' lang='lat' dir='ltr'>r...</span> <span class='ocrx_word' id='word_1_407' title='bbox 1003 3747 1020 3801; x_wconf 87' lang='grc'><strong>6</strong></span> <span class='ocrx_word' id='word_1_408' title='bbox 1030 3747 1063 3800; x_wconf 90' lang='lat' dir='ltr'>de</span> <span class='ocrx_word' id='word_1_409' title='bbox 1074 3747 1189 3800; x_wconf 78' lang='lat' dir='ltr'>Pacuvio</span> <span class='ocrx_word' id='word_1_410' title='bbox 1200 3756 1226 3796; x_wconf 86' lang='lat' dir='ltr'>et</span> <span class='ocrx_word' id='word_1_411' title='bbox 1237 3743 1271 3794; x_wconf 79' lang='lat' dir='ltr'>sle</span> 
     </span>
     <span class='ocr_line' id='line_1_40' title="bbox 223 3819 1272 3899; baseline -0.003 -23"><span class='ocrx_word' id='word_1_412' title='bbox 223 3819 345 3876; x_wconf 79' lang='lat' dir='ltr'>Patribus</span> <span class='ocrx_word' id='word_1_413' title='bbox 364 3825 499 3876; x_wconf 75' lang='lat' dir='ltr'>concitore</span> <span class='ocrx_word' id='word_1_414' title='bbox 516 3825 628 3878; x_wconf 74' lang='lat' dir='ltr'>solebit.</span> <span class='ocrx_word' id='word_1_415' title='bbox 645 3827 688 3880; x_wconf 80' lang='lat' dir='ltr'>Cf.</span> <span class='ocrx_word' id='word_1_416' title='bbox 699 3830 724 3893; x_wconf 87' lang='lat'>1,</span> <span class='ocrx_word' id='word_1_417' title='bbox 769 3825 917 3899; x_wconf 66' lang='lat' dir='ltr'>legatione,</span> <span class='ocrx_word' id='word_1_418' title='bbox 929 3827 963 3879; x_wconf 82' lang='lat' dir='ltr'>etl</span> <span class='ocrx_word' id='word_1_419' title='bbox 974 3827 1123 3878; x_wconf 79' lang='lat' dir='ltr'>Varronem</span> <span class='ocrx_word' id='word_1_420' title='bbox 1139 3841 1195 3878; x_wconf 85' lang='lat' dir='ltr'>eos.</span> <span class='ocrx_word' id='word_1_421' title='bbox 1209 3825 1272 3875; x_wconf 86' lang='lat' dir='ltr'>mis-</span> 
     </span>
     <span class='ocr_line' id='line_1_41' title="bbox 229 3902 1270 3976; baseline -0.012 -11"><span class='ocrx_word' id='word_1_422' title='bbox 229 3902 471 3970; x_wconf 72' lang='lat' dir='ltr'>170;,11,481;u1‚</span> <span class='ocrx_word' id='word_1_423' title='bbox 484 3903 549 3974; x_wconf 72' lang='lat'>5755</span> <span class='ocrx_word' id='word_1_424' title='bbox 560 3907 609 3973; x_wconf 81' lang='lat' dir='ltr'>vl,</span> <span class='ocrx_word' id='word_1_425' title='bbox 622 3905 724 3972; x_wconf 71' lang='lat' dir='ltr'>482,et</span> <span class='ocrx_word' id='word_1_426' title='bbox 769 3923 813 3972; x_wconf 80' lang='lat' dir='ltr'>se,</span> <span class='ocrx_word' id='word_1_427' title='bbox 829 3905 906 3976; x_wconf 81' lang='lat' dir='ltr'>(quse</span> <span class='ocrx_word' id='word_1_428' title='bbox 919 3906 954 3958; x_wconf 82' lang='lat' dir='ltr'>ed</span> <span class='ocrx_word' id='word_1_429' title='bbox 966 3905 1128 3976; x_wconf 77' lang='lat' dir='ltr'>capiendum</span> <span class='ocrx_word' id='word_1_430' title='bbox 1140 3902 1270 3956; x_wconf 77' lang='lat' dir='ltr'>deiectio-</span> 
     </span>
     <span class='ocr_line' id='line_1_42' title="bbox 224 3979 1272 4057; baseline 0.001 -26"><span class='ocrx_word' id='word_1_431' title='bbox 224 3979 257 4031; x_wconf 80' lang='lat' dir='ltr'>al.</span> <span class='ocrx_word' id='word_1_432' title='bbox 272 4011 308 4021; x_wconf 85' lang='lat'>-</span> <span class='ocrx_word' id='word_1_433' title='bbox 322 3980 467 4047; x_wconf 83' lang='lat' dir='ltr'>conlidens,</span> <span class='ocrx_word' id='word_1_434' title='bbox 478 3983 547 4035; x_wconf 83' lang='lat' dir='ltr'>inter</span> <span class='ocrx_word' id='word_1_435' title='bbox 559 4000 587 4036; x_wconf 84' lang='lat' dir='ltr'>se</span> <span class='ocrx_word' id='word_1_436' title='bbox 600 3986 724 4037; x_wconf 85' lang='lat' dir='ltr'>commit·</span> <span class='ocrx_word' id='word_1_437' title='bbox 768 3986 810 4036; x_wconf 86' lang='lat' dir='ltr'>nis</span> <span class='ocrx_word' id='word_1_438' title='bbox 826 3985 967 4038; x_wconf 88' lang='lat' dir='ltr'>consilium</span> <span class='ocrx_word' id='word_1_439' title='bbox 980 3983 1124 4057; x_wconf 86' lang='lat' dir='ltr'>plurimum</span> <span class='ocrx_word' id='word_1_440' title='bbox 1140 3979 1272 4052; x_wconf 86' lang='lat' dir='ltr'>contulit)</span> 
     </span>
     <span class='ocr_line' id='line_1_43' title="bbox 223 4060 1272 4137; baseline 0.002 -27"><span class='ocrx_word' id='word_1_441' title='bbox 223 4062 391 4129; x_wconf 69' lang='lat' dir='ltr'>tens—48.</span> <span class='ocrx_word' id='word_1_442' title='bbox 410 4060 527 4132; x_wconf 83' lang='lat' dir='ltr'>despecta</span> <span class='ocrx_word' id='word_1_443' title='bbox 549 4061 615 4115; x_wconf 82' lang='lat' dir='ltr'>lucis</span> <span class='ocrx_word' id='word_1_444' title='bbox 633 4064 723 4137; x_wconf 66' lang='lat' dir='ltr'>oripo,</span> <span class='ocrx_word' id='word_1_445' title='bbox 768 4066 941 4132; x_wconf 70' lang='lat' dir='ltr'>memoravit,</span> <span class='ocrx_word' id='word_1_446' title='bbox 961 4083 992 4118; x_wconf 83' lang='lat' dir='ltr'>ea</span> <span class='ocrx_word' id='word_1_447' title='bbox 1015 4076 1120 4116; x_wconf 81' lang='lat' dir='ltr'>tentum</span> <span class='ocrx_word' id='word_1_448' title='bbox 1144 4071 1272 4126; x_wconf 79' lang='lat' dir='ltr'>exornat,</span> 
     </span>
     <span class='ocr_line' id='line_1_44' title="bbox 222 4133 1271 4214; baseline 0.004 -28"><span class='ocrx_word' id='word_1_449' title='bbox 222 4133 321 4192; x_wconf 80' lang='lat' dir='ltr'>humile</span> <span class='ocrx_word' id='word_1_450' title='bbox 333 4159 425 4212; x_wconf 80' lang='lat' dir='ltr'>genus.</span> <span class='ocrx_word' id='word_1_451' title='bbox 439 4169 473 4183; x_wconf 90' lang='lat'>-</span> <span class='ocrx_word' id='word_1_452' title='bbox 484 4140 525 4195; x_wconf 84' lang='lat'>50.</span> <span class='ocrx_word' id='word_1_453' title='bbox 539 4141 669 4206; x_wconf 55' lang='lat' dir='ltr'>umato</span> <span class='ocrx_word' id='word_1_454' title='bbox 686 4144 721 4195; x_wconf 86' lang='lat' dir='ltr'>cf.</span> <span class='ocrx_word' id='word_1_455' title='bbox 767 4141 801 4195; x_wconf 86' lang='lat' dir='ltr'>de</span> <span class='ocrx_word' id='word_1_456' title='bbox 811 4161 925 4213; x_wconf 83' lang='lat' dir='ltr'>quomm</span> <span class='ocrx_word' id='word_1_457' title='bbox 934 4145 1045 4196; x_wconf 79' lang='lat' dir='ltr'>veritate</span> <span class='ocrx_word' id='word_1_458' title='bbox 1055 4143 1113 4214; x_wconf 82' lang='lat' dir='ltr'>ipse</span> <span class='ocrx_word' id='word_1_459' title='bbox 1123 4139 1210 4192; x_wconf 81' lang='lat' dir='ltr'>Livius</span> <span class='ocrx_word' id='word_1_460' title='bbox 1222 4137 1271 4190; x_wconf 89' lang='lat' dir='ltr'>du·</span> 
     </span>
    </p>
   </div>
   <div class='ocr_carea' id='block_1_7' title="bbox 0 0 1486 4666">
    <p class='ocr_par' dir='ltr' id='par_1_8' title="bbox 0 0 1486 4666">
     <span class='ocr_line' id='line_1_45' title="bbox 0 0 1486 4666; baseline 0 0"><span class='ocrx_word' id='word_1_461' title='bbox 0 0 1486 4666; x_wconf 95' lang='lat' dir='ltr'> </span> 
     </span>
    </p>
   </div>
  </div>
 </body>
</html>
