3054 4666
234 457 296 540 34⁸
547 467 583 528 c.
606 417 731 531 siun
755 465 946 530 tuimur

232 621 325 671 nores,
337 606 366 656 C.
382 604 471 658 Duilio
483 625 497 658 a
509 606 534 659 S.
548 609 576 659 Ρ.
589 609 622 676 Q.
634 609 664 660 ΙΙ.
678 608 726 660 ba·
770 608 813 668 vel
826 627 891 662 uxor
906 611 976 681 ejus,
987 607 1043 673 vel,
1056 606 1129 680 quod
1141 602 1182 657 Cl.
1194 599 1265 653 lions

232 681 315 749 blica,
325 685 440 738 Bostaris
451 686 661 758 Hamilcarisquo
673 701 726 741 tam
771 691 934 760 suspicatur,
949 690 999 760 ipsi
1012 689 1122 739 Romani
1135 686 1188 736 aiut
1196 699 1267 732 com·

232 762 411 833 captivitatem
432 782 511 834 quam
532 764 682 838 supplicia,
701 779 727 818 et
772 770 862 821 menti.
890 771 961 821 Num
985 786 1049 820 vcro
1077 766 1157 819 iidem
1182 761 1266 812 linxe-

232 853 299 908 quot
309 858 364 893 non
377 841 445 896 ulia?
456 843 560 896 silentio
572 847 728 916 pretermit·
771 862 832 901 runt
843 851 936 916 etiarn,
946 848 1054 900 Atilium
1063 848 1174 898 Romam
1183 841 1268 894 venis·

232 919 271 969 tit.
285 917 327 970 Ad
338 918 407 987 bec,
420 939 477 993 que
489 922 556 989 dixi,
567 923 727 976 coufirmuu·
771 947 809 992 se,
815 940 840 980 et
846 926 1031 999 Carthaginem
1037 920 1188 978 rediisseiid
1195 915 1268 991 quod

232 995 267 1048 du
279 999 390 1051 multum
402 1000 491 1054 valent
503 1002 585 1054 verba
596 1003 686 1074 Polyb.
699 1004 727 1068 l,
771 1006 893 1072 Tubero,
905 1007 999 1059 Cicero
1012 1019 1037 1058 et
1050 1017 1089 1056 tot
1104 1002 1163 1067 elii,
1175 1019 1209 1051 nc
1220 999 1268 1047 Po-

231 1077 285 1131 362
303 1075 397 1146 llytw
416 1075 442 1133 ll
460 1079 500 1132 ul
521 1080 591 1151 lttptr
612 1079 667 1149 tinip
688 1080 731 1138 tir
773 1086 844 1159 lybio
858 1086 965 1159 quidem
975 1095 1140 1157 excepto‚ut
1152 1099 1183 1133 ex
1191 1079 1268 1150 Frag.

232 1159 376 1225 &senapis
392 1160 432 1216 rit
450 1160 589 1214 zaratum
608 1159 688 1228 λέγοι,
702 1159 728 1216 s⁴s
773 1167 853 1238 'supro
864 1165 1269 1239 adlequtoadparet‚testantur‚

232 1234 389 1304 esspesipsle
400 1240 534 1303 baensis,
547 1237 673 1308 siargirspss
687 1257 730 1292 te-
775 1245 901 1316 quodque
914 1263 966 1296 non
979 1247 1075 1296 mirum
1086 1241 1218 1293 videbitur
1230 1236 1269 1301 ei,

233 1313 307 1374 <isere
318 1319 360 1370 rai
370 1318 482 1388 παρόντος
493 1317 577 1388 serpis.
590 1322 625 1374 cf
635 1322 682 1374 inl.
695 1319 730 1372 ad
776 1325 821 1395 qui
831 1327 993 1390 meminerit,
1005 1324 1090 1394 qualis
1103 1331 1270 1392 quantusque

233 1415 258 1448 v.
272 1397 324 1450 680
336 1417 410 1470 seqq.
421 1412 447 1452 et
457 1401 517 1466 Vll,
530 1400 590 1454 558.
603 1403 730 1453 Praeterea
775 1404 816 1454 vir
827 1405 908 1456 fuerit
919 1402 1046 1475 Regulus,
1058 1414 1085 1453 et
1097 1418 1177 1472 quem
1189 1391 1272 1448 confi-

234 1495 288 1528 uou
303 1477 381 1532 facile
399 1481 555 1550 quisquam,
571 1481 622 1532 uisi
637 1483 732 1552 praeju·
777 1481 869 1536 (lenter
878 1485 964 1549 Pacui,
974 1501 1006 1534 eo
1015 1481 1140 1535 Romanis
1152 1473 1270 1536 reddito,

234 1555 324 1610 dicata
333 1559 460 1630 opinione
470 1560 600 1627 imbutus,
611 1560 661 1614 ribi
671 1579 732 1632 per·
777 1562 1182 1633 captivorumcomrnutstioncnt
1189 1555 1274 1606 mitio·

235 1635 372 1704 suadebit,
385 1638 443 1690 solo
456 1639 557 1712 Polybii
570 1639 675 1692 silentio
687 1657 732 1690 so·
778 1659 873 1712 resque
889 1643 962 1712 pacis
982 1639 1149 1693 conditiones
1167 1649 1274 1708 speret·

234 1715 315 1788 laque
340 1717 452 1772 Diodori
476 1720 649 1786 auctoritate,
675 1737 733 1789 qum
778 1722 921 1793 potuerint.
931 1721 1000 1772 Num
1009 1731 1035 1772 et
1044 1718 1096 1770 boc
1106 1721 1134 1770 iu
1144 1730 1276 1770 commen·

236 1814 286 1848 nec
303 1795 371 1850 adeo
388 1816 485 1870 magna
498 1811 551 1864 cst,
568 1816 618 1850 uec
631 1797 734 1870 vulgari
780 1801 813 1851 tie
836 1797 1029 1852 numerandum
1049 1809 1101 1862 est,
1122 1798 1165 1848 cui
1186 1806 1275 1846 tamen

237 1893 344 1949 quoque
361 1879 498 1931 sententio
518 1876 687 1943 adversatur,
706 1875 734 1927 fi·
780 1897 834 1929 non
853 1878 935 1949 magis
954 1877 1067 1928 Romani
1086 1889 1142 1926 tum
1159 1875 1276 1925 virentes

237 1953 297 2007 slern
308 1967 348 2007 tot
357 1956 532 2026 scriptorum,
544 1957 591 2027 qui
600 1975 634 2007 ne
646 1957 737 2026 inpro-
780 1957 858 2010 lidem
868 1957 969 2010 babere
978 1956 1173 2008 dubitaverint?
1183 1953 1226 2005 cui
1235 1969 1278 2004 ne·

237 2029 339 2086 habilia
357 2033 479 2104 quidem,
499 2033 598 2086 nedum
619 2033 736 2088 absurde
781 2056 824 2090 mo
840 2035 1024 2090 contradicere
1037 2052 1117 2088 eurus
1128 2035 1178 2088 sit?
1196 2049 1277 2104 quum

238 2127 461 2179 commemorant,
482 2110 630 2184 (Tudetaui
651 2115 736 2183 inpri·
781 2135 835 2168 non
848 2115 915 2168 clam
928 2115 973 2170 ille
987 2127 1013 2167 et
1028 2115 1131 2168 occulte
1145 2115 1172 2166 in
1184 2111 1277 2163 urbem

239 2196 288 2247 mis
308 2207 335 2246 et
353 2193 517 2261 Tuberonis,
537 2211 651 2264 quorum
671 2193 737 2246 alter
781 2195 955 2262 venerit‚sed
965 2196 1099 2265 frequenti
1109 2195 1188 2245 curiae
1199 2193 1279 2242 inter·

239 2293 300 2326 cum
311 2273 348 2326 Μ.
361 2273 468 2345 Aquilio
480 2271 580 2326 Consul
595 2285 621 2325 et
635 2272 736 2346 Polybii
781 2277 878 2328 luerit?
889 2275 980 2328 Silices
996 2293 1163 2345 concoquere
1177 2282 1279 2344 potest,

240 2353 348 2425 equalis
364 2355 428 2418 tutu
443 2353 524 2419 alter,
539 2354 615 2423 cujus
626 2352 738 2406 bietoria
783 2358 829 2429 qui
844 2355 879 2408 ad
893 2355 949 2407 hee
968 2354 1101 2408 credentia
1119 2370 1233 2426 pronum
1251 2367 1279 2403 te

240 2451 256 2485 a
266 2433 409 2506 Dionysio,
426 2431 499 2485 Livio
515 2431 628 2503 aliisque
640 2432 738 2504 passim
783 2454 839 2489 esse
850 2435 996 2507 profitetur.
1004 2433 1085 2501 Quod
1094 2435 1116 2487 si
1125 2451 1188 2486 vero
1198 2433 1281 2502 Regu-

240 2512 375 2579 laudatur,
383 2512 447 2566 belli
454 2512 538 2566 civilis
546 2513 622 2564 initio
630 2531 662 2565 ex
671 2510 738 2566 scio
784 2515 824 2568 lus
843 2533 934 2568 revera
950 2517 1060 2566 Romam
1077 2515 1280 2585 profectuum,

240 2593 358 2646 Africam
375 2594 540 2665 provinciam
557 2593 667 2644 sortitus
684 2604 741 2656 est,
785 2607 812 2647 et
823 2612 877 2646 uon
890 2592 970 2645 modo
982 2611 1037 2645 nou
1048 2594 1149 2645 censuit
1160 2591 1280 2662 captivos

242 2670 313 2724 unde
332 2691 401 2737 rem,
419 2671 453 2725 tle
474 2691 528 2743 quo
547 2672 688 2743 queritur,
709 2687 741 2722 ex
786 2671 968 2734 redimendos,
982 2690 1072 2724 rerunt
1085 2673 1164 2724 etiam
1176 2669 1282 2722 dissua-

241 2752 382 2805 Poeuorum
397 2770 451 2803 nou
472 2753 571 2816 minus,
588 2769 669 2822 quam
685 2751 741 2802 lio·
786 2755 834 2816 ait,
847 2749 970 2822 adeoque
983 2751 1282 2819 summamunioetnque

243 2849 381 2883 manorum
395 2833 460 2882 actis
470 2829 586 2902 publicis
598 2849 741 2903 cognosce·
785 2829 903 2882 bostium
915 2847 989 2900 spem
1000 2829 1110 2882 fefellit:
1125 2827 1283 2892 crudelitas,

243 2927 272 2961 re
281 2909 385 2981 potuit)
396 2910 502 2981 penitus
515 2907 687 2975 labefactari,
699 2927 743 2960 uo·
787 2928 866 2982 quatu
884 2913 958 2962 Poeui
970 2912 998 2962 iu
1010 2912 1097 2980 ipsum
1112 2909 1283 2971 redeuntem,

244 2992 409 3062 nucemque,
420 2989 461 3043 rel
473 3009 581 3057 eorum,
592 2989 632 3042 vel
645 2991 742 3042 Rorna-
786 3003 813 3042 et
824 2989 956 3056 vindicta,
971 3009 1050 3060 quum
1065 3002 1160 3060 postea
1171 2987 1284 3040 Romani

245 3089 340 3123 norum
356 3083 420 3123 tunc
437 3072 563 3142 temporie
581 3069 742 3135 viventium,
788 3071 816 3120 iu
833 3071 953 3142 captivos
975 3069 1090 3120 bostium
1110 3067 1191 3122 duces
1209 3082 1284 3119 exer·

245 3151 272 3202 in
287 3168 375 3203 reram
393 3150 431 3202 rei
449 3150 578 3200 rationem
592 3148 743 3219 inquisivis-
788 3151 872 3202 euisre
900 3149 1042 3216 dicuntur,
1067 3165 1148 3219 quarn
1174 3147 1284 3200 maxime

245 3247 287 3296 se,
304 3228 350 3282 sed
368 3246 457 3281 omnes
475 3229 575 3280 rumori
591 3226 678 3299 plebis
691 3233 744 3280 uu·
788 3228 935 3299 probabilis
947 3241 996 3298 est.
1009 3229 1133 3281 Ceterum
1144 3229 1191 3300 qui
1205 3243 1286 3299 prop-

245 3311 337 3384 gitque
350 3307 464 3362 anilibus
476 3321 573 3362 temere
588 3306 740 3362 credidisse.
788 3321 861 3361 terea
875 3309 944 3360 forte
958 3311 1009 3362 iter
1022 3320 1049 3361 et
1060 3308 1219 3378 legationem
1230 3307 1285 3358 sri-

246 3389 332 3458 Quam
341 3407 436 3460 parum
448 3387 522 3441 firma
531 3400 594 3442 eunt
606 3407 744 3460 argumen·
787 3387 815 3438 lii
824 3389 850 3438 in
859 3387 969 3439 dubium
977 3405 1075 3441 vocare
1082 3389 1203 3451 sustinet,
1212 3383 1285 3456 quod

247 3481 289 3536 ta,
307 3487 322 3520 a
338 3469 444 3521 silentio
463 3469 624 3540 scriptorum
642 3469 741 3538 petita!
788 3465 861 3520 stulti
868 3469 902 3519 sit
912 3466 1041 3533 bominis,
1052 3486 1084 3520 ea
1094 3467 1219 3531 suadere,
1231 3465 1287 3535 qui·

246 3549 279 3600 Et
300 3566 389 3599 noune
409 3547 502 3600 eadem
524 3550 591 3602 ratio
611 3544 646 3600 ad
665 3546 745 3600 lidens
789 3545 838 3598 bus
851 3545 902 3599 sibi
919 3548 976 3618 ipse
988 3559 1089 3618 pestem
1106 3545 1286 3608 machinetur,

247 3624 359 3678 Diodori
384 3625 585 3682 convellendam
610 3626 747 3698 pertinet?
790 3625 859 3680 etad
869 3627 998 3698 exquisita
1010 3629 1098 3698 potius
1108 3618 1286 3697 suppliciare-

248 3705 317 3757 Nam
345 3705 459 3758 Bostaris
484 3705 695 3776 Hamilcarisque
720 3716 747 3756 et
790 3701 858 3770 dire,
866 3723 946 3776 quem
951 3705 1124 3775 jurisjurandi
1132 3703 1284 3775 religionem

247 3783 746 3857 reliquorum,quel)iotloruenarrat,
791 3784 899 3849 fallere,
915 3802 974 3836 eum
990 3787 1095 3838 rentitto
1110 3783 1143 3836 ad
1157 3782 1211 3834 Cic.
1228 3781 1283 3832 Oli.

249 3881 298 3916 uec
310 3861 447 3936 Polybius,
460 3883 509 3916 nec
524 3865 666 3936 quisquam
678 3863 746 3916 aliut
793 3865 839 3929 ΙΙΙ,
852 3865 885 3916 26
898 3881 972 3935 seqq.
986 3877 1012 3916 et
1024 3877 1142 3934 tempora
1154 3861 1286 3933 respicere

250 3943 411 3996 mentionem
429 3943 502 3995 lacit.
522 3944 644 4014 Denique
663 3961 748 4015 pona·
788 3941 885 4013 jubeo,
896 3944 992 4014 quibus
1005 3941 1155 4014 respublica
1167 3943 1287 3992 Romana

250 4040 323 4088 mus,
343 4034 427 4075 totam
448 4021 481 4074 de
501 4021 595 4094 Reguli
616 4021 747 4094 supplicio
792 4024 957 4074 sanctissima
966 4022 1027 4089 fuit,
1037 4035 1063 4073 et
1072 4020 1151 4074 bonis
1160 4017 1287 4088 exemplis

250 4103 430 4161 narrationem
447 4119 504 4154 esse
519 4099 651 4169 fabulam,
668 4120 748 4174 quam
792 4099 930 4154 ditissima.
