2960 4666
250 465 315 532 650
567 465 604 530 C.
627 465 754 532 SlLli
779 465 976 532 luanlot

247 603 412 672 Concordi
424 605 560 672 fremitu
571 624 772 673 renuentum
786 605 973 672 effunditur
983 631 1080 699 asper

244 713 332 780 Toto
345 738 364 779 e
376 713 517 780 concilio
528 715 662 780 clamor.
677 712 766 779 Tum
778 715 920 805 quisque
933 716 1048 805 fatigat

246 822 464 911 Increpitans,
478 843 666 912 vocumque
679 825 793 888 tremit
804 824 985 890 certamine
996 825 1170 913 templum.

288 932 352 996 Hic
363 933 568 1022 Torquatus,
580 954 679 996 avum
691 931 801 997 fronte
813 934 995 1022 aequaviste
1006 941 1120 998 'serem

243 1037 384 1116 Nobilis,
401 1067 414 1096 a
427 1039 502 1103 Heu
513 1041 625 1126 Capua
637 1055 806 1127 portantes
819 1038 895 1104 talia
907 1035 995 1105 dicta

243 1143 412 1208 Romuleis
425 1142 580 1224 durastis,
593 1144 656 1220 ait,
666 1142 849 1209 aubcedere
862 1146 985 1210 mutis?

175 1251 181 1267 “
240 1247 292 1313 Ad
305 1272 389 1338 quoa
402 1271 468 1314 non
480 1250 551 1315 anai
563 1245 727 1338 Carthago
738 1266 839 1340 atque
854 1251 1019 1316 Hannibal
1030 1273 1119 1316 arma

242 1357 321 1420 Post
332 1356 460 1420 Cannas
472 1353 604 1422 adferre
617 1355 711 1422 suasi
721 1379 937 1447 nunquamne
950 1379 1011 1448 per
1022 1379 1117 1424 aurea

243 1463 273 1527 It
285 1478 424 1543 vestrae,
436 1463 471 1528 in
483 1465 624 1554 Tarpeia
637 1487 741 1555 quum
754 1463 834 1532 aede
849 1465 955 1531 Latini

240 1569 382 1634 Orarent
394 1569 498 1656 paria,
512 1569 602 1636 haud
614 1571 740 1649 verbis,
754 1569 844 1636 haud
858 1592 953 1652 voce,
968 1570 1026 1637 sed
1039 1573 1105 1636 acri

241 1674 437 1765 Propuisum
451 1674 580 1752 dextra,
594 1677 735 1766 quitum
747 1675 902 1742 mandata
915 1675 1060 1767 superbo

239 1780 306 1846 Ore
317 1779 527 1871 adportahat‚
542 1797 633 1848 tanto
645 1805 707 1871 per
718 1781 830 1848 limina
843 1783 959 1871 tempii

238 1886 389 1952 Turbine
401 1889 606 1976 praecipitem
617 1888 759 1954 revoluti
772 1889 921 1978 corporis
932 1905 1059 1966 actum,

237 1993 297 2072 Ut,
312 2015 398 2058 saevo
410 1990 563 2058 adflictus
575 2015 667 2074 saxo,
682 2009 852 2083 spectante
864 1993 970 2080 piaret

237 2099 357 2164 Tristia
370 2097 456 2162 dicta
468 2101 567 2178 Jove,
582 2115 616 2163 et
626 2099 735 2164 lueret
747 2099 849 2165 verba
861 2099 951 2187 inpia
963 2099 1049 2163 leto?

236 2203 287 2268 En
300 2226 362 2292 ego
375 2203 550 2292 progenies
563 2204 649 2295 ejus,
664 2205 721 2295 qui
734 2205 814 2272 sede
826 2205 986 2270 Tonantis
1257 2217 1289 2264 tt

234 2363 318 2427 iegitur
332 2366 356 2410 in
369 2363 420 2411 Pur.
436 2367 461 2410 tt.
480 2381 504 2419 r,
517 2363 582 2410 Med.
599 2378 622 2412 et
635 2365 707 2412 Maru
721 2361 775 2411 edd.
790 2391 821 2402 -
837 2381 873 2428 7¹·
892 2361 984 2410 conciiir
995 2364 1082 2426 scripti.
1094 2361 1170 2424 Vulgo
1186 2361 1285 2411 cannito

234 2439 304 2484 Forte
315 2437 339 2483 h.
357 2435 372 2484 Ι.
388 2435 527 2500 legentium:
541 2439 597 2483 Toto
612 2437 729 2485 econciiio
743 2436 837 2496 clamor,
848 2453 914 2501 quem
927 2440 1022 2502 quisque
1031 2437 1121 2500 satfpat
1133 2435 1166 2490 1.,
1180 2433 1217 2481 vel
1227 2439 1290 2500 qaod

233 2507 332 2570 (scilieet
342 2507 477 2567 concilium]
487 2508 671 2574 qaoquafau'qat
681 2512 701 2555 1.
711 2509 837 2571 (ciamare,
848 2525 890 2555 teu
900 2506 1072 2570 increpatione)
1083 2503 1120 2550 rel
1130 2505 1232 2567 denique
1241 2521 1287 2570 quo

233 2581 431 2646 qar'tqaefntipat,
444 2580 529 2628 teilicet
542 2581 677 2638 concilium,
688 2581 734 2628 vid.
747 2583 777 2628 de
789 2581 824 2627 hia
836 2579 940 2628 formalia
950 2592 1000 2625 not.
1010 2577 1040 2624 ati
1050 2580 1073 2632 Ι,
1086 2577 1130 2632 63,
1142 2577 1204 2640 675,
1217 2588 1240 2624 et
1250 2577 1285 2634 ΙΙ,

234 2651 272 2713 75.
289 2653 316 2698 ln
329 2645 420 2713 vulgata
434 2665 496 2700 certe
509 2651 608 2700 lectione
623 2655 763 2700 constructio
779 2651 904 2699 verboram
918 2649 987 2713 panio
1002 2647 1127 2712 inpeditior
1141 2661 1189 2702 est,
1205 2659 1228 2694 et
1243 2664 1286 2694 vox

234 2727 282 2766 tum
295 2722 372 2768 minut
383 2733 449 2784 apta,
467 2723 577 2784 quoniam
589 2721 644 2768 nihii
658 2723 711 2769 nori
724 2721 833 2778 traditur,
850 2721 892 2767 aed
906 2719 967 2766 idem
982 2718 1029 2765 aliit
1045 2717 1122 2765 verbit
1140 2720 1284 2764 enuntiatur.

234 2816 266 2828 -
277 2789 313 2854 76.
325 2791 409 2854 annoe
420 2793 479 2838 dt'cta
491 2791 591 2839 malebat
602 2793 630 2838 N.
645 2793 723 2839 Heius.
736 2791 781 2838 Sed
790 2793 877 2854 junge:
892 2807 920 2836 cr
932 2791 1010 2852 Capua
1020 2797 1144 2852 portantes.
1154 2813 1185 2823 -
1196 2788 1233 2850 7⁵·
1246 2789 1287 2834 iio·

233 2859 319 2909 mulcet
330 2878 407 2910 maror
421 2863 568 2910 teribcndttnr
583 2866 700 2928 auspicor;
713 2863 760 2910 rid.
773 2865 804 2910 ati
820 2865 852 2920 X,
869 2863 921 2925 596.
934 2887 964 2898 ··-
975 2877 1013 2924 77.
1030 2857 1115 2924 offerre
1126 2857 1183 2904 Teii.
1202 2857 1285 2922 efferre

233 2933 259 2979 R.
275 2949 296 2978 a.
310 2959 340 2967 -
354 2931 392 2980 81.
406 2933 541 2998 apportabat
552 2933 599 2980 eol.
610 2931 668 2981 Tell.
684 2935 711 2980 ΙΙ.
728 2951 752 2992 t,
767 2937 843 2982 Pam.
858 2931 922 2979 Meti.
937 2931 1002 2994 quod
1013 2931 1082 2977 etiam
1096 2945 1125 2975 ex
1138 2931 1200 2992 oonj.
1214 2945 1284 2992 repo·

230 3007 276 3052 tuit
288 3003 343 3052 Ueii.
356 3007 466 3070 quoniam
478 3005 539 3068 vulp.
553 3005 623 3053 lectio
635 3013 765 3070 asportabat
777 3004 898 3053 auferendi
910 3006 955 3052 virn
967 3001 1046 3050 habet.

232 3153 280 3192 tea.
294 3138 386 3192 Leieb.
400 3141 505 3192 confert
515 3141 588 3213 Virg.
607 3141 664 3193 AEn.
681 3141 733 3208 tx,
778 3139 827 3203 iia,-
840 3140 874 3192 cf.
887 3137 971 3191 Bantl.
986 3136 1021 3190 ad
1037 3137 1100 3188 Hor.
1117 3133 1168 3188 od.
1182 3134 1207 3198 Ι,
1221 3151 1244 3200 t,
1255 3133 1283 3186 6.

232 3221 301 3282 5⁰⁰3
312 3221 354 3282 xa
366 3219 425 3290 895-
443 3249 476 3258 -
489 3237 531 3290 7¹.
546 3221 733 3294 Quisquefnti-
814 3221 857 3288 75.
876 3219 998 3284 duratus,
1017 3218 1089 3289 passi
1104 3216 1175 3267 estis.
1188 3241 1224 3252 -
1239 3229 1284 3282 77.

229 3313 289 3373 pat,
305 3297 361 3351 seri.
380 3299 508 3370 ternplum
524 3299 655 3366 ciamare,
670 3301 732 3352 Era.
779 3301 842 3351 Post
853 3299 968 3364 Cannam
981 3307 1042 3368 post
1054 3311 1172 3366 pugnam
1185 3303 1212 3344 at
1223 3293 1282 3342 tie-

230 3382 318 3432 Poatis
331 3381 409 3432 etiam
423 3378 458 3430 ad
469 3378 610 3431 concilium
623 3381 733 3432 referre.
779 3380 875 3430 teriam
885 3377 1061 3430 Cannensem.
1074 3375 1115 3426 cf.
1129 3372 1234 3424 Ernetti
1248 3369 1285 3422 ad

231 3460 273 3514 Cf.
291 3461 325 3513 ad
342 3463 382 3526 ΙΙ,
400 3460 442 3530 74.
456 3459 507 3513 sed
520 3477 543 3512 v.
557 3461 589 3511 V.
602 3461 631 3512 L.
642 3489 678 3500 -
690 3479 732 3530 72.
779 3460 842 3510 Tac.
857 3459 924 3510 uita.
936 3457 983 3524 lu,
993 3457 1028 3524 49
1039 3453 1170 3526 pr.·-78.
1183 3451 1210 3500 in
1222 3451 1287 3502 Tan

231 3539 376 3612 tempium,
396 3541 478 3592 curia.
498 3539 559 3591 vid.
581 3540 615 3592 ad
632 3541 657 3606 Ι,
671 3540 733 3611 6ι7,
777 3539 838 3610 peia
847 3539 917 3604 iada,
928 3535 1111 3608 itrCapitoiio‚
1122 3532 1168 3584 nbi
1179 3543 1235 3582 tum
1246 3547 1285 3583 te·

232 3621 272 3674 Gi.
288 3621 323 3673 ad
335 3640 359 3671 v.
374 3616 416 3673 55.
779 3631 857 3672 natus
868 3617 963 3690 legatia
976 3616 1065 3668 datut.
1076 3611 1136 3666 Viti.
1145 3613 1203 3662 biv.
1211 3609 1286 3674 vul,

269 3701 311 3770 73.
328 3699 406 3752 Silina
426 3713 480 3748 noa
500 3697 581 3750 motio
599 3697 734 3765 hittorite,
779 3699 795 3751 ⁵
811 3715 898 3769 pr.-·
910 3698 951 3750 80.
972 3694 1058 3746 inteii.
1074 3695 1191 3753 Annine,
1206 3691 1283 3758 cnjus

231 3797 263 3833 cx
276 3781 334 3831 Liv.
351 3781 424 3844 vni,
444 3778 474 3846 5,
494 3788 520 3830 et
538 3779 555 3831 6
573 3781 733 3846 notissima,
779 3779 867 3829 oratio
879 3789 964 3829 enatat
977 3791 1021 3844 ap.
1035 3773 1091 3825 Liv.
1104 3771 1121 3822 Ι.
1136 3789 1158 3822 c.
1173 3801 1208 3814 .-
1219 3769 1284 3820 Pro·

232 3860 393 3914 mentionem
406 3858 549 3910 facitrert.
562 3873 594 3930 77
606 3875 673 3930 aaa,
686 3858 734 3912 aad
777 3858 883 3933 pulsum
898 3859 1003 3910 dextra.-
1024 3857 1051 3906 in
1064 3853 1120 3919 hit,
1132 3865 1158 3904 et
1175 3869 1201 3899 v.
1219 3849 1282 3902 ut..

232 3939 353 3994 eamdem
366 3955 474 4010 qnoque
493 3955 549 3991 rem
567 3940 664 3991 iterum
681 3939 734 3990 hoc
780 3939 930 4010 87‚Siiium
940 3928 1283 4006 discrepar'aaLirioViii‚

232 4035 353 4092 tempore
364 4019 732 4090 contigittecomminiacitur.
781 4019 797 4072 6
809 4033 835 4073 et
846 4018 879 4082 6,
886 4019 943 4088 jam
954 4031 1082 4068 monuere
1092 4011 1159 4066 cen.
1170 4021 1197 4062 et
1208 4007 1264 4060 eiii.

232 4132 265 4140 —
278 4115 355 4153 avam
369 4115 421 4150 non
433 4100 545 4170 proprio
555 4113 634 4150 tenen
644 4101 733 4170 capio.
816 4101 849 4153 83
860 4117 899 4170 sq.
912 4107 1044 4171 specim
1055 4095 1133 4158 Jove,
1146 4091 1223 4159 cujut
1233 4107 1283 4140 nn·

234 4181 271 4231 De
280 4181 413 4234 enaritate
423 4177 517 4230 Manlii
529 4179 661 4250 Torquati
672 4181 735 4234 Cos.
781 4189 1081 4250 mentprcverat,quutn
1087 4167 1285 4242 Torquatutd

234 4275 259 4310 v.
273 4259 328 4312 nv.
341 4259 447 4328 Vina·
457 4259 641 4332 -oeqttavisre
652 4257 736 4312 Nott'-
781 4262 837 4330 ejas
854 4257 1024 4311 simulacrum
1045 4265 1190 4305 conterent
1209 4249 1285 4301 auxi·
