3054 4666
504 435 815 502 PUNiCORUM
838 434 930 498 [ΑΒ.
954 437 1018 498 VI.
1220 439 1282 504 383

241 583 373 666 Quasve
385 583 446 646 viri
458 605 556 658 voces
568 597 750 647 extremum
763 581 860 645 Curia
872 603 1010 646 rnaerens

243 686 408 768 Audierit,
422 687 551 778 placido
564 687 659 753 nobis
672 687 743 777 ipse
755 685 860 752 edidit
871 710 939 752 ore.

293 824 306 853 a
320 792 434 860 intulit
445 810 482 859 ut
494 817 637 882 gressus,
651 795 800 860 certatim
813 816 894 858 voce
907 815 1074 884 manuque

246 900 295 965 Ad
308 901 438 967 solitam
450 901 564 966 sedem
577 915 610 964 et
621 901 757 987 vestigia
768 917 846 963 note
857 898 1037 964 vocabant:

245 1006 384 1084 Abnuit‚
397 1007 639 1096 antiquumque
651 1005 715 1070 ioci
727 1004 943 1095 adspernatus
957 1004 1120 1070 honorem
1132 1026 1190 1074 est.
1243 1021 1289 1082 460

247 1119 289 1177 At
300 1113 491 1178 circumfusi
502 1135 570 1176 non
584 1113 688 1177 secius
701 1110 850 1200 undique
864 1111 1023 1176 dextram.

249 1220 420 1299 Prensare,
434 1241 484 1299 ac,
498 1219 612 1307 patriae
625 1215 797 1282 ductorem
809 1217 943 1282 nornine
955 1235 1046 1283 tanto

250 1323 433 1404 Redderet,
446 1324 583 1390 orabant
595 1348 602 1386 :
616 1325 742 1414 captiva
755 1345 852 1412 posse
864 1322 1052 1388 redemtum

251 1433 381 1496 Pensari
394 1431 504 1511 turba,
518 1453 555 1495 ac
567 1432 682 1520 Tyrias
693 1447 764 1494 tum
772 1430 894 1521 justius
906 1453 996 1495 arces

243 1543 385 1620 [Arsuras
398 1536 525 1615 dextra,
539 1537 640 1601 fuerit
652 1559 726 1626 quae
738 1537 848 1628 vinctu
860 1538 993 1601 catenis.

250 1645 336 1708 Tum
351 1643 473 1732 palmus
486 1643 583 1708 simul
595 1641 757 1707 adtollens
769 1665 807 1706 ac
818 1642 943 1707 lumina
955 1643 1034 1709 caelo
1047 1669 1053 1706 :

252 1781 266 1808 a
277 1753 296 1816 J
300 1752 417 1815 nstitiae
429 1752 577 1840 rectique
589 1749 697 1823 dator,
711 1751 768 1839 qui
781 1765 899 1814 cuncta
912 1749 1089 1837 gubernas,

250 1858 317 1919 Nec
330 1857 434 1920 levior
446 1853 527 1920 mihi
539 1857 622 1919 Diva
634 1853 745 1934 Fides,
758 1857 963 1944 Sarranaque
975 1857 994 1920 J
998 1879 1079 1936 uno,

282 2015 335 2072 456.
349 2017 456 2080 Qrmrque
467 2017 552 2062 rectius
563 2015 662 2062 videtur.
673 2013 766 2076 -459,
786 2013 897 2062 vocabant
915 2016 1037 2074 (Senatus,
1057 2018 1143 2066 reiiicet
1159 2024 1293 2086 universus)

252 2087 417 2144 convocabat,
433 2087 512 2133 Color.
523 2087 616 2144 -46ο,
630 2097 664 2133 ert
674 2104 688 2134 a
699 2088 780 2132 Goion.
795 2089 869 2133 Oxou.
883 2099 906 2132 et
922 2089 948 2132 ii.
967 2104 994 2143 r,
1011 2088 1084 2135 abest.
1102 2092 1161 2137 iiiuc
1172 2094 1296 2156 adspenu.

252 2167 289 2204 tur
300 2160 362 2219 conj.
373 2161 401 2206 N.
412 2161 490 2205 Heius.
504 2161 530 2203 in
541 2158 633 2220 vulgate
641 2157 709 2219 iunge
721 2159 850 2220 graviorem
861 2160 936 2204 inesse
945 2160 1083 2206 sententiani
1096 2173 1161 2223 putet
1172 2165 1222 2210 Lei.
1233 2168 1298 2229 quod

250 2229 361 2291 equidem
372 2245 419 2275 nou
430 2230 555 2292 edsequor.
565 2253 596 2265 ·-
607 2229 661 2286 464.
675 2228 716 2274 itae
725 2243 769 2290 pro
778 2243 805 2274 ac
814 2227 912 2275 mniebet
924 2229 952 2273 N.
960 2229 1037 2276 Heius.
1047 2241 1069 2276 et
1079 2246 1100 2276 v.
1111 2231 1155 2294 467
1165 2243 1234 2280 saror.
1245 2237 1297 2299 ipse

250 2301 372 2364 aliquando
387 2301 539 2361 conjiciebam
551 2311 624 2364 pater,
635 2301 672 2347 rei
681 2311 772 2364 potens,
786 2299 823 2346 vel
834 2300 936 2363 denique
951 2310 1029 2356 sutor,
1044 2301 1067 2348 h.
1082 2318 1102 2348 e.
1116 2315 1187 2360 tutor,
1201 2323 1297 2354 rumer-

250 2385 325 2428 vator,
338 2373 457 2430 defensor,
470 2390 518 2436 quo
530 2389 599 2420 sensu
610 2373 672 2418 idem
682 2374 773 2434 Jupiter
781 2381 854 2418 stator·
865 2373 938 2427 urbis,
953 2375 1039 2436 imperii
1050 2387 1074 2420 et
1084 2376 1148 2422 Rom.
1160 2382 1254 2424 nominis
1263 2381 1298 2426 di-

249 2443 310 2488 citur
322 2444 369 2488 Cic.
385 2442 450 2490 Curii.
469 2445 492 2500 1,
511 2445 550 2498 13,
564 2456 587 2489 et
596 2442 677 2488 Vellei.
695 2443 728 2496 Ii,
748 2441 797 2488 r3r.
814 2440 936 2503 Vuiqutern
953 2455 1016 2489 certe
1033 2457 1080 2488 non
1099 2447 1152 2490 saris
1171 2445 1226 2492 mihi
1245 2465 1298 2510 per-

251 2515 320 2560 suasit
333 2511 403 2560 Duri.
417 2530 458 2570 eo,
470 2515 533 2576 quod
544 2516 578 2559 Dii
591 2507 682 2574 deripis
694 2504 750 2558 ider
762 2514 829 2557 liom.
841 2511 922 2574 Odyrs.
933 2509 962 2566 8,
974 2513 1031 2562 325.
1044 2513 1101 2568 335,
1114 2528 1136 2561 et
1145 2515 1248 2564 Bacchus
1258 2517 1297 2564 ἰω-

254 2585 307 2628 iin'oe
318 2583 384 2630 dator
395 2599 493 2632 vocetur
503 2585 565 2646 Virg.
582 2583 629 2628 AEn.
642 2584 665 2638 l,
679 2581 737 2644 734;
750 2581 812 2628 conf:
827 2593 904 2627 tamen
917 2581 1001 2644 Spnnh.
1016 2595 1038 2629 et
1050 2583 1125 2629 Graev.
1138 2585 1168 2631 nd
1180 2586 1258 2632 Cuilirn
1270 2589 1298 2633 ii.

251 2652 275 2696 in
286 2655 338 2699 δον.
349 2668 372 2698 v.
385 2653 430 2715 96:
444 2653 502 2701 dnn
515 2651 620 2716 dimin
632 2667 658 2698 rr
672 2651 712 2697 καὶ
722 2647 793 2697 incer.
806 2677 837 2686 -
848 2650 901 2706 468.
915 2653 1057 2715 Serranaque
1069 2651 1118 2698 Coi.
1135 2665 1158 2700 et
1167 2656 1238 2702 Mars.
1252 2673 1298 2704 non

254 2784 754 2856 noctasse.-457.cdiditnobis;nam
799 2783 1298 2856 brrPoenorum.-'-redemtumPensari,

187 2853 192 2858 ¹
255 2862 344 2916 Marus
357 2880 431 2917 extre
442 2865 544 2917 curiam
558 2865 617 2916 fuit.
631 2895 665 2905 -
674 2863 756 2916 edidit
799 2881 849 2934 pro
860 2865 946 2935 simpi.
958 2865 1079 2935 pensari,
1091 2865 1148 2931 vei,
1161 2880 1190 2917 ut
1200 2855 1224 2918 u.
1236 2869 1298 2940 349,

255 2961 312 3006 ore,
324 2958 353 2997 ut
364 2965 407 3017 ep.
416 2948 489 3018 Virg.
502 2945 562 2996 AEn.
574 2945 636 3012 vn,
652 2945 708 3014 ¹94·
799 2943 912 3014 rependi.

295 3024 355 3094 459.
367 3023 470 3078 solitam
481 3025 579 3088 sedent,
594 3041 673 3094 quarn
687 3025 756 3075 inter
836 3023 886 3093 467
904 3039 943 3092 sq.
958 3022 1035 3074 Conf.
1049 3025 1134 3075 oratio
1147 3024 1240 3096 Reguli
1255 3045 1297 3098 ap.

255 3109 410 3166 consulares
424 3119 514 3158 tenere
526 3115 709 3156 consueverat.
721 3129 756 3142 -
801 3105 864 3154 Hor.
875 3102 927 3155 Od.
938 3103 986 3167 iii,
998 3103 1026 3170 ⁵,
1041 3105 1070 3155 18
1079 3121 1118 3174 sq.
1130 3105 1157 3154 in
1168 3123 1220 3176 qua
1230 3124 1300 3158 sum·

256 3191 374 3264 vestipia,
392 3188 494 3250 iocum,
512 3197 542 3235 ut
558 3185 582 3250 1,
600 3179 664 3244 505;
683 3183 754 3233 coni.
802 3201 860 3235 mus
869 3185 957 3253 potius
965 3181 1157 3254 indignationis
1165 3184 1301 3256 adfectus,

255 3271 312 3324 Cic.
323 3271 369 3322 Or.
380 3269 429 3334 iii,
441 3285 464 3318 α.
475 3295 509 3306 -
520 3263 581 3331 460.
591 3263 632 3314 ci.
644 3263 754 3332 Eutrop.
802 3281 856 3334 quo
869 3263 1039 3333 captivorum
1047 3263 1159 3313 miiitum
1170 3266 1301 3335 ignaviam

257 3351 355 3417 11,14,
374 3361 401 3399 et
417 3347 472 3399 Cic.
489 3343 544 3398 Off.
563 3344 612 3410 111,
634 3359 681 3412 27,
702 3360 756 3412 quo
802 3345 937 3414 increpet,
949 3343 1065 3414 ermegis
1073 3343 1208 3395 Romanus
1217 3347 1302 3397 ier-ox-

258 3443 325 3483 tene
340 3455 351 3476 .
362 3431 389 3480 in
399 3441 520 3480 reustum
529 3426 616 3490 venit,
630 3421 758 3475 mandate
802 3441 855 3511 que
869 3425 978 3494 spiritus
988 3423 1051 3474 vivit
1066 3435 1093 3474 et
1105 3439 1206 3494 regnet.
1222 3429 1251 3477 in
1261 3425 1302 3478 his

257 3510 395 3582 exposuit,
412 3507 571 3559 sententiam
588 3524 622 3557 ne
641 3503 758 3570 diceret,
802 3519 853 3553 uss.
868 3502 926 3554 sola
934 3501 1110 3573 jurisjurandi
1124 3503 1250 3575 reiigione
1264 3525 1302 3558 re-

258 3591 407 3644 recussvit:
434 3583 562 3660 quamdiu
584 3585 757 3657 jurejurando
803 3583 888 3636 ditum
898 3597 1015 3636 excusat:
1025 3582 1072 3636 sed
1080 3586 1164 3636 exitus
1173 3589 1302 3640 orationis

258 3671 376 3724 hostium
388 3681 537 3734 teneretur,
549 3684 603 3719 non
613 3685 670 3720 esse
680 3685 708 3720 se
719 3685 759 3720 se·
803 3681 828 3716 v.
842 3665 922 3730 482...
936 3665 1004 3733 489,
1023 3664 1069 3716 ubi
1084 3665 1156 3735 pacis
1169 3667 1303 3720 conditio-

259 3767 389 3804 natorem.
401 3773 412 3798 ι
423 3749 525 3815 -461.
536 3766 589 3800 non
599 3748 690 3813 secius,
704 3765 759 3798 non
802 3761 860 3810 nes,
870 3743 1022 3796 detrimenti
1032 3757 1058 3796 et
1065 3743 1205 3798 dedecoris
1213 3765 1304 3814 cause,

260 3834 355 3883 minus.
368 3828 430 3881 Vid.
445 3829 535 3880 Heius.
552 3825 587 3876 ad
600 3825 679 3878 ovid.
694 3827 757 3878 Met.
804 3823 956 3888 dissuadet,
971 3843 1026 3876 non
1038 3826 1125 3878 minus
1136 3845 1260 3900 magnum
1270 3827 1304 3880 ii-

259 3912 296 3973 ii,
314 3911 380 3979 809,
397 3921 423 3960 et
436 3907 471 3959 ed
483 3907 555 3976 Virg.
572 3903 630 3955 AEn.
644 3905 677 3971 V,
693 3906 757 3968 8623
805 3905 860 3956 ium
868 3905 1049 3975 invictumque
1057 3908 1304 3961 tantivirianimum

260 3985 691 4058 iX,ddr.ii0maniprensabantet
698 4003 760 4056 pre·
806 3987 897 4056 spirat.
916 3985 1047 4058 Regulus,
1064 3987 1138 4057 quod
1152 3987 1232 4041 Drak.
1251 4007 1306 4040 mo-

261 4070 367 4122 mebant
380 4069 497 4120 dextram
511 4067 582 4134 ejus,
595 4084 611 4116 a
625 4081 679 4134 quo
695 4065 761 4135 qnid
804 4077 864 4130 net,
873 4081 926 4116 non
936 4084 984 4136 per
991 4084 1054 4118 euos
1062 4068 1202 4134 solumne.
1211 4069 1306 4121 Roma-

261 4149 399 4221 petebnnt.
418 4175 454 4188 κ-
470 4147 529 4212 466.
552 4155 623 4194 tanto
641 4144 759 4208 nomine,
805 4165 854 4198 nos
869 4146 954 4211 Deus,
970 4149 1064 4199 Jovern
1080 4143 1150 4212 ipsun
1163 4162 1188 4200 et
1200 4148 1306 4215 Fidem,

263 4243 316 4282 tem
326 4229 436 4280 ciarum.
449 4255 479 4266 -
489 4225 540 4292 463
548 4241 587 4294 sq.
600 4226 701 4298 captiva
710 4233 761 4276 tur·
807 4226 867 4289 sed,
882 4239 910 4278 ut
923 4245 1026 4280 summa
1041 4226 1163 4279 hostibus
1178 4228 1305 4300 reiigione
