2970 4680
454 429 768 496 PUNICORUM
791 431 883 496 LIB.
908 432 1019 497 VIII.
1197 431 1259 518 (69

216 571 320 633 salutis
338 573 460 646 sitnia,
480 571 588 634 eadem
607 572 727 634 ratione
746 571 865 632 bellum
885 571 1030 634 adversus
1046 573 1258 634 Hannibalem

215 674 389 742 gesturum,
409 684 470 744 qua
484 661 599 722 Fabius
618 664 758 744 gesserit3
777 663 844 738 sed,
859 682 957 743 quum
975 665 1045 722 irati
1062 663 1107 724 dii
1126 661 1258 724 alterum

215 751 303 828 quasi
315 750 473 810 consulem
488 750 651 825 Romanis,
664 745 795 810 alterum
810 751 914 809 Poenis
929 749 1084 826 dederim,
1098 764 1128 811 et
1140 773 1179 811 ne
1194 753 1259 832 ipse

215 833 343 913 quidem
358 835 662 918 Carthaginiensium
679 848 813 913 senatus,
830 835 878 896 vel
894 841 993 918 magis
1009 837 1068 897 sibi
1085 837 1258 899 discordem

215 923 366 1008 collegam
378 925 560 1008 adjungere,
572 925 622 985 vel
635 923 825 985 infestiorem
837 926 969 1007 reipubl.
982 929 1071 988 Rom.
1085 942 1198 1010 pestem
1213 929 1260 987 in·

215 1013 336 1075 mittere
346 1017 499 1097 potuerit,
510 1013 639 1075 consilia
653 1017 743 1075 amici
756 1016 855 1095 magis
868 1035 942 1076 sana
958 1030 989 1076 et
1002 1015 1151 1092 salubria,
1164 1037 1259 1098 quam

214 1101 370 1183 explicatu
381 1103 485 1164 facilia
499 1123 579 1178 esse,
593 1116 637 1178 et,
649 1105 674 1164 si
689 1123 768 1164 vana
785 1101 900 1163 idcirco
919 1117 1073 1186 praecepta
1090 1104 1194 1164 surdis
1210 1125 1259 1163 ca·

215 1201 300 1250 neret
313 1188 457 1266 auribus,
476 1203 568 1272 atque
579 1190 698 1252 adversi
713 1190 790 1272 quid
808 1189 976 1265 adcideret,
988 1190 1127 1252 hostium
1142 1212 1172 1252 se
1190 1190 1259 1252 telis

214 1280 332 1360 potius,
345 1300 441 1361 quam
451 1282 563 1341 iterum
576 1279 733 1362 suffragiis
747 1283 898 1340 iratorum
909 1281 1041 1357 civium,
1055 1296 1150 1364 caput
1161 1279 1261 1362 objec-

215 1379 338 1444 turum,
351 1365 517 1452 327-348.
535 1371 605 1430 Non
620 1369 663 1429 ita
677 1368 777 1428 multo
794 1383 865 1449 post
879 1369 1020 1430 consules
1036 1369 1076 1430 ad
1088 1369 1260 1430 nobilitan-

214 1453 268 1514 das
281 1455 367 1516 clade
381 1458 522 1517 Romana
535 1457 673 1534 Cannas,
690 1457 810 1539 Apuliae
823 1459 944 1532 vicum,
957 1459 1007 1518 cui
1022 1455 1182 1518 Hannibal
1196 1477 1261 1517 cas-

213 1558 261 1605 tra
271 1543 338 1626 jam
352 1546 546 1625 admoverat,
559 1547 812 1628 proficiscuntur,
825 1549 899 1608 etin
911 1565 1012 1607 unum
1024 1547 1131 1608 locum
1142 1559 1262 1626 cogunt

213 1638 377 1696 exercitum
389 1657 520 1698 numero
533 1637 760 1720 amplissImum
772 1635 867 1718 (349),
881 1651 912 1698 et
924 1659 959 1698 ex
972 1639 1089 1698 Latinis
1103 1637 1197 1714 (356),
1212 1636 1263 1694 Sa·

213 1723 296 1784 binIs
316 1726 327 1804 (
351 1728 412 1806 ra),
432 1726 640 1806 Picentibus(
662 1725 726 1808 04),
743 1728 869 1788 Umbris
887 1723 984 1806 (446),
1004 1727 1140 1786 Etruscis
1160 1722 1259 1804 (468),

212 1813 322 1874 Marsis
332 1813 424 1897 (495),
436 1816 573 1898 PelignIs
584 1817 664 1898 (510)
674 1817 859 1898 Campanis,
869 1817 1072 1892 Marrucinis,
1083 1817 1260 1888 Frentanis,

213 1903 347 1963 Vestinis
362 1904 442 1985 (512)
462 1905 653 1966 Samnitibus
671 1905 752 1984 (562)
770 1906 914 1978 Bruttiis,
933 1905 1082 1978 Lucanis,
1099 1901 1258 1983 Hirpinis,

214 1988 367 2066 Calabris,
382 1992 560 2066 Salentinis,
573 1991 743 2053 Picentinis
754 1990 848 2069 (568),
861 1989 960 2050 Gallis
972 1991 1153 2070 cisalpinis,
1163 1989 1259 2060 Boiis,

212 2077 393 2154 duamanis,
404 2080 605 2154 Cenomanis,
616 2079 754 2151 Venetis,
766 2079 976 2158 Lingonibus,
992 2077 1173 2158 Liguribus,
1187 2075 1258 2134 Mo·

213 2167 304 2242 riuis,
320 2170 486 2250 Euganeis,
504 2167 797 2250 Carnis,Vagennis
814 2167 913 2247 (588),
931 2166 1044 2227 SlculIs
1063 2177 1093 2226 et
1110 2165 1184 2231 Ilvae
1201 2165 1259 2223 ins.

214 2255 323 2317 incolis
334 2257 414 2338 (613)
424 2259 647 2338 conscriptum,
657 2276 792 2338 quorum
806 2254 998 2337 populorum
1010 2253 1101 2314 urbes
1113 2273 1174 2312 una
1186 2272 1260 2312 cum

213 2343 360 2420 ducibus,
374 2347 502 2422 Scauro,
518 2346 591 2428 370,
605 2345 755 2418 Scaevola,
768 2342 842 2419 384,
855 2343 953 2417 Sulla,
965 2344 1039 2422 393,
1052 2340 1170 2416 Tullio,
1185 2339 1259 2414 404,

213 2435 347 2508 Nerone,
359 2431 433 2510 413,
444 2435 596 2508 Curione,
608 2431 683 2508 425,
695 2433 827 2507 Pisone,
838 2429 912 2506 463,
926 2429 1044 2504 Galba,
1058 2425 1131 2508 469,
1144 2431 1260 2508 Scipio·

213 2543 268 2597 ne,
283 2520 355 2599 546,
368 2521 519 2604 Cethego,
533 2521 604 2602 575,
617 2535 648 2582 et
659 2523 770 2594 Bruto,
782 2519 853 2599 607,
866 2533 1078 2591 tenementum
1091 2517 1259 2576 356-621.

213 2613 326 2674 Castris
338 2625 440 2674 autem
453 2615 504 2672 rix
514 2609 553 2670 ad
565 2609 689 2672 Cannas
698 2609 820 2682 locatis,
832 2610 920 2668 varia
929 2607 1060 2667 deorum
1071 2608 1149 2666 iram
1160 2604 1260 2665 decla·

214 2713 285 2759 rant
301 2701 459 2783 prodigia;
478 2699 670 2779 (saa-655).
688 2695 778 2757 Unde
799 2694 928 2770 milites,
949 2692 1039 2754 vultu
1057 2692 1259 2773 sensibusque

214 2787 251 2846 ad
258 2790 359 2863 tonitI,
369 2801 398 2848 et
410 2789 517 2850 omnia
529 2789 608 2848 truci
621 2785 756 2846 clamore
768 2783 968 2864 complentes,
980 2782 1100 2843 cladem
1109 2783 1258 2841 Romanis

215 2877 433 2957 Inminentem,
453 2879 544 2939 Pauli
561 2877 744 2959 Serviliique
760 2889 907 2949 mortem,
927 2870 1034 2955 fugam
1046 2873 1211 2944 Varronis,
1230 2885 1260 2928 et

217 2980 265 3028 tot
274 2961 414 3050 equitum
426 2967 627 3052 peditumque
638 2981 772 3047 stragem
784 2966 980 3039 ominantur3
992 2962 1159 3044 656-676.

220 3355 259 3456 P
261 3405 362 3454 tutus
373 3389 599 3480 Agenoridum
611 3387 764 3454 cedentia
773 3403 864 3473 terga
877 3380 990 3448 videre

218 3493 369 3560 AEneadis
381 3494 518 3561 dederat
528 3493 649 3560 Fabius
661 3517 668 3558 :
681 3495 829 3558 Romana
841 3505 1017 3577 parentem

217 3601 329 3667 Solum
342 3619 446 3668 castra
458 3619 592 3682 vocant,
606 3601 715 3668 solum
726 3615 822 3665 vocat
835 3595 1000 3662 Hannibal
1011 3591 1156 3670 hostem,

219 3709 453 3798 Inpatiensque
466 3730 566 3773 rnorae
579 3707 708 3772 fremit:
722 3721 759 3770 ut
771 3705 813 3769 sit
826 3703 920 3792 copia
931 3701 1060 3778 Martis,

249 3858 271 3915 4.
285 3861 319 3907 Ut
325 3861 347 3906 si
354 3875 375 3906 c.
389 3859 423 3905 Μ.
435 3860 463 3904 Il.
473 3875 494 3904 v.
501 3858 557 3922 fato
567 3859 641 3905 Onon.
651 3857 720 3920 prob.
731 3854 807 3903 Barth.
819 3853 878 3901 Adr.
888 3855 930 3909 IV,
943 3868 970 3898 22
977 3870 984 3908 ;
995 3849 1048 3897 belli
1056 3865 1100 3912 pro
1110 3849 1192 3894 Martis
1202 3847 1258 3892 Tell.

256 4003 277 4037 1.
302 3985 399 4039 Fabius
420 4003 516 4056 nempe
537 3982 715 4038 Hannibalem
760 3999 786 4034 r.
802 3982 841 4046 15,
854 3992 881 4032 et
893 3977 927 4032 ad
938 3979 995 4043 VII,
1009 3975 1153 4044 567.-a.
1165 3989 1260 4044 paren·

220 4065 320 4136 primus
331 4065 430 4138 repulit
438 4079 465 4119 et
474 4075 544 4118 retro
553 4063 648 4117 cedere
656 4081 718 4116 coe·
762 4073 822 4124 tem,
835 4059 869 4111 cl.
883 4059 940 4123 VII,
950 4055 1084 4128 735.-3.
1093 4050 1177 4106 solum
1187 4059 1263 4102 vocat

220 4145 267 4213 giu
279 4157 307 4195 at
318 4145 409 4215 praelio
422 4147 523 4216 primus
536 4161 596 4196 enm
609 4160 719 4214 snpera-
761 4137 897 4192 Hannibal
912 4137 1024 4200 bostem,
1043 4135 1078 4186 cf.
1096 4133 1152 4184 Ltv.
1170 4128 1259 4192 xxu,
1367 4143 1371 4157 ’

222 4224 257 4275 rit
269 4224 427 4287 Marcellam
441 4225 523 4278 Dral.
539 4224 616 4278 conf.
630 4237 719 4278 tamen
763 4221 814 4286 30,
833 4233 898 4272 extr.
916 4249 952 4260 -
969 4218 996 4284 4.
1012 4217 1052 4268 De
1069 4228 1164 4284 pugna
1182 4207 1265 4279 ⁰⁰lll²
