2970 4680
450 435 507 530 C.
548 436 706 534 SlLll
741 439 995 537 lTALlCl

346 749 1102 912 PUNICORUM

413 1117 639 1222 LIBER
675 1117 1033 1231 OCTAVUS.

209 1431 739 1458 mmumnvuwmvummm
743 1436 1242 1474 momumwvvwmmmmm

562 1663 895 1728 ARGUMENTUM.

211 1887 361 1988 Fremit,
379 1913 435 1994 qui
454 1931 543 1994 posse
557 1913 640 1973 vinci
654 1911 790 1988 hostem,
809 1915 958 1975 Romanis
974 1935 1180 1998 persuaserat,
1196 1946 1253 2007 pro

210 2023 243 2063 se
264 2003 394 2084 quisque
412 1999 560 2062 laudibus
578 2001 617 2060 ad
636 2003 747 2064 caelum
767 2002 846 2062 fert:
870 2005 1026 2065 Hannibal
1048 2023 1168 2088 contra,
1188 2014 1255 2095 jani

212 2110 370 2152 summum
383 2089 503 2150 militias
516 2088 570 2170 jus
587 2089 732 2152 dictatori
751 2091 923 2167 redditum,
940 2113 1038 2175 eoque
1053 2099 1175 2161 vivente
1189 2123 1257 2162 oni.

212 2199 284 2239 nem
296 2176 435 2238 sibinen
446 2180 585 2238 victoriae
600 2192 739 2254 tanturn,
756 2179 807 2240 sed
822 2180 921 2261 proelii
937 2201 1063 2263 quoque
1077 2203 1164 2266 spem
1178 2209 1257 2270 prae.

209 2269 308 2328 risam
328 2286 403 2342 esse,
422 2287 610 2348 magnopere
625 2281 659 2327 et
676 2267 761 2329 dolet
780 2279 810 2328 et
827 2267 1027 2349 indignatum
1047 2292 1151 2333 1—11.
1172 2277 1259 2354 Quin

210 2358 308 2418 etiam
320 2356 428 2438 inopia
439 2369 737 2416 cunctarum-rerum
748 2359 784 2415 in
794 2358 859 2418 dies
872 2359 1073 2438 ingravescit,
1085 2375 1114 2420 et
1125 2362 1258 2439 milites,

214 2463 251 2504 ex
261 2442 452 2504 conluvione
462 2445 606 2503 omnium
616 2445 757 2522 gentium
766 2445 871 2517 misti,
881 2445 964 2504 Galli
976 2447 1009 2503 in
1019 2449 1140 2526 primis,
1151 2453 1259 2511 animo

210 2553 333 2614 semper
353 2530 538 2591 fluctuantes
558 2531 719 2612 et'praedae
737 2533 959 2612 sanguinisque
978 2535 1100 2614 cupidi,
1119 2559 1261 2619 pugnam

215 2619 468 2703 stipendiumque
482 2618 621 2682 debitum
637 2629 823 2697 exposcuntt
835 2616 939 2698 etjam
954 2619 1099 2698 consilia,
1115 2623 1164 2684 vel
1178 2639 1262 2687 tran·

213 2710 353 2784 -sitionis,
365 2707 413 2767 vel
428 2707 545 2768 reditus
563 2709 594 2766 in
613 2707 747 2789 patriam
764 2709 898 2788 agitant,
916 2709 1054 2769 Hannon
1072 2725 1190 2788 autem,
1208 2718 1262 2797 qui

218 2797 330 2858 ducem
349 2797 520 2856 Poenorum
535 2795 726 2856 internecivo
745 2793 933 2876 capitalique
952 2793 1027 2856 odio
1046 2800 1265 2880 prosequitur,

218 2899 372 2969 quantum
382 2897 486 2968 potest
496 2898 527 2945 et
540 2885 637 2960 valet,
652 2882 788 2966 inpedit,
801 2905 863 2964 quo
876 2884 996 2961 mium,
1008 2884 1056 2946 vel
1070 2886 1275 2968 supplement

219 2991 286 3038 tum
297 2977 397 3056 copiis
409 2975 479 3056 ejus
497 2975 605 3050 scribi,
617 2973 667 3034 vel
683 2972 877 3033 frumentum
893 2987 924 3034 et
938 2977 1106 3056 pecuniam
1119 2978 1201 3036 rnitti
1221 2997 1265 3036 se·

222 3079 311 3127 natus
332 3077 466 3140 censeat3
485 3062 609 3140 ιιι-14.
629 3066 691 3127 Has
708 3083 812 3138 curas,
831 3063 945 3144 quibus
962 3064 1121 3126 Hannibal
1139 3065 1267 3126 confici·

216 3169 286 3232 tur,
302 3155 380 3216 lenit
394 3157 494 3230 luno,
511 3175 581 3236 quae
596 3155 735 3229 annam,
749 3153 882 3214 Didonis
894 3173 1032 3213 sororem
1044 3167 1073 3212 et
1084 3156 1218 3214 Numicii
1234 3155 1265 3217 tl.

220 3242 414 3326 Nympbam,
432 3240 549 3302 blande
569 3239 720 3323 adpellat,
738 3252 775 3299 ut
792 3261 862 3299 eum
883 3239 921 3299 de
939 3241 1110 3322 prosperis,
1128 3259 1197 3320 quae
1218 3243 1266 3301 in·

221 3346 319 3409 stent,
329 3331 417 3408 fatis,
431 3333 470 3393 dc
482 3329 546 3390 fine
560 3329 738 3405 dictaturae,
753 3329 890 3390 comitiis
906 3329 1089 3404 consulum,
1097 3330 1269 3390 temeritate

223 3421 389 3495 Varronis,
408 3441 515 3501 quern
537 3422 585 3479 sui
604 3419 724 3501 generis
737 3417 917 3494 bominem,
936 3417 1048 3500 vulgus
1067 3419 1105 3478 ad
1124 3419 1268 3480 consula*
1358 3451 1360 3454 ·

220 3522 292 3570 tum
304 3507 461 3570 extrahere
473 3511 606 3585 nitatur,
618 3522 648 3568 et
659 3508 697 3568 de
709 3529 823 3591 pugnae
835 3509 1007 3568 Cannensis
1021 3520 1148 3581 eventu,
1161 3509 1270 3568 certio

223 3619 290 3659 rem
301 3597 407 3672 facian
429 3599 556 3660 25-38.
569 3595 731 3680 Nympha,
744 3599 920 3658 communis
935 3617 953 3655 a
969 3596 1044 3656 Belo
1061 3596 1162 3656 ductae
1177 3599 1273 3680 origi·

221 3691 288 3766 nis,
297 3691 414 3749 amoris
427 3689 535 3770 patriae
547 3701 577 3748 et
589 3688 810 3754 mandatorum
827 3689 941 3748 sororis
957 3707 1091 3764 memor,
1109 3690 1272 3770 negotium

221 3779 286 3840 -sibi
300 3777 524 3838 demandatum
535 3799 599 3837 non
610 3793 746 3853 rccuset,
759 3796 937 3858 quanquam
950 3777 1059 3837 divino
1072 3778 1105 3836 in
1118 3777 1206 3838 ltalia
1216 3777 1272 3838 ho·

227 3883 305 3925 nore
316 3864 453 3940 colatur3
466 3867 551 3946 39-
559 3864 607 3946 49.
619 3867 734 3944 Quem,
747 3865 845 3939 unde,
858 3879 889 3924 et
901 3864 1027 3945 quando
1040 3877 1206 3925 consecuta
1218 3866 1274 3940 sit,

225 3956 295 4036 ipsa
308 3953 369 4015 boc
386 3954 483 4015 modo
498 3968 670 4016 memorat:
685 3957 759 4015 Post
771 3954 905 4018 Didonis
922 3968 1055 4015 mortem
1070 3956 1189 4027 Iarbas,
1204 3957 1274 4035 Gas-

226 4041 368 4105 tulorum
376 4065 447 4122 rex,
457 4045 648 4127 Cartbagine
660 4065 763 4106 rerum
773 4046 906 4126 potitur,
918 4059 948 4105 ct
957 4048 1046 4106 Anna
1058 4049 1197 4128 primurn
1209 4046 1276 4124 qui-

229 4129 302 4192 dem
316 4132 355 4193 ad
369 4133 507 4210 Battum,
522 4135 656 4215 Cyrenes
670 4153 789 4214 regern,
804 4131 961 4213 confugit3
976 4133 1030 4193 sed
1038 4133 1174 4210 ,biennio
1189 4143 1275 4212 post,

230 4221 315 4286 bello
327 4237 490 4308 propterea
501 4224 617 4311 hospiti
629 4245 685 4288 suo
696 4245 713 4286 a
725 4224 928 4308 Pygmaliona
940 4223 1073 4298 indicto,
1084 4241 1193 4282 navem
1206 4239 1277 4280 cou-

613 4343 616 4356 ·
1090 4317 1132 4368 30.
