2960 4666
494 415 802 524 runtoonuu
825 462 918 526 mn.
941 463 1004 527 xi.
1204 462 1263 528 on

234 597 372 685 Optatos
383 601 501 689 puppis
514 616 642 688 portus,
656 599 840 690 pelagoque
854 602 1016 667 micabant
1226 614 1272 671 ies
1379 626 1385 640 c

234 705 367 793 Captiva
380 730 469 772 arma
482 706 596 797 procui
609 706 693 771 celsa
706 707 864 796 fulgentia
878 732 984 797 prora.

238 814 292 886 At,
306 815 419 899 patulo
431 836 567 902 surgens
576 814 644 902 jam
657 812 783 877 dudum
797 837 836 880 ex
849 837 996 905 aequore,
1009 815 1074 880 lato

236 915 390 981 Nauticus
403 917 548 1005 inplebat
560 920 745 983 resonantia
757 918 851 982 litora
864 920 1000 999 clamor,

235 1023 290 1100 Et,
304 1025 399 1089 simul
411 1025 561 1091 adductis
574 1050 727 1115 percussa
738 1025 779 1092 ad
794 1045 927 1116 pectora
938 1029 1055 1108 tonsis,

235 1131 385 1196 Centeno
398 1133 519 1200 fractus
532 1134 704 1223 spumabat
716 1134 854 1200 verbere
867 1153 998 1224 pontus.

278 1236 347 1300 Nec
361 1235 484 1303 lentum
498 1239 532 1304 in
544 1237 670 1305 medios
683 1238 839 1327 rapienda
852 1239 891 1303 ad
905 1239 1023 1327 gaudia
1034 1240 1151 1330 vulgus

234 1341 401 1408 Procurrit
413 1345 546 1426 fluctus,
561 1347 712 1435 elataque
724 1345 819 1410 turba
832 1347 943 1411 favore

235 1446 392 1512 Certatim
405 1451 527 1538 ingenti
542 1451 709 1517 celebrant
721 1475 805 1517 nova
818 1451 934 1540 gaudia
948 1452 1075 1540 plausu.

236 1553 395 1640 AEquatur
406 1573 514 1621 rector
526 1556 615 1620 Divis
628 1580 635 1620 :
649 1556 741 1620 iilum
755 1555 902 1646 undique
917 1573 1050 1638 matres,

236 1656 334 1721 liium
346 1660 442 1726 turba
454 1662 562 1726 minor
574 1663 689 1727 moniti
702 1660 847 1751 gaudere
859 1680 1012 1752 nepotes,

236 1765 277 1828 Et
289 1766 401 1830 senior
412 1790 541 1847 manus,
555 1785 589 1833 et
596 1769 689 1858 juxta
701 1767 926 1856 populusque,
943 1773 1133 1859 Patraeque,

235 1871 385 1936 Mactatis
397 1875 559 1963 Superum
572 1872 750 1963 dignantur
760 1872 889 1938 honore
896 1873 1057 1963 juvencis.

235 1974 287 2040 Sic
300 1979 436 2064 patriam
451 1982 550 2068 Mago
563 1997 595 2044 et
608 1996 718 2068 portas
731 1981 897 2066 ingressus
910 1995 1046 2046 ovantes

237 2084 401 2148 Fraternas
413 2085 519 2150 laudis
531 2086 617 2151 fama
629 2109 635 2148 :
649 2087 715 2150 ruit
727 2083 805 2148 inde
818 2087 970 2162 Senatus,

235 2270 290 2330 goni
301 2268 428 2330 placuerint
439 2274 581 2333 properanti.
596 2297 627 2307 -
638 2269 691 2333 487.
707 2287 736 2320 ex
749 2273 826 2333 scripti
838 2283 860 2317 et
876 2269 913 2318 ed.
930 2271 1017 2336 Gryph.
1030 2273 1105 2334 Vulgo
1119 2282 1155 2327 ct,
1170 2275 1243 2320 otiose
1256 2285 1279 2320 et
1295 2263 1299 2272 ’

235 2351 314 2385 contra
329 2341 390 2402 leges
402 2345 520 2398 metricas,
533 2342 594 2388 unde
605 2350 627 2388 et
639 2345 662 2386 in
674 2343 745 2388 edidit
756 2344 783 2387 Ι).
797 2343 874 2388 Heius.
886 2366 917 2378 -
929 2338 983 2401 493.
996 2340 1093 2388 celebrat
1104 2343 1154 2389 Coi.
1169 2355 1192 2389 et
1203 2344 1277 2389 Oion.

235 2409 331 2483 '',⁴⁹⁵·
345 2409 437 2458 laudum
450 2413 486 2459 cd.
500 2414 550 2459 Bae.
563 2425 586 2458 et
597 2410 651 2456 inde
663 2410 693 2458 al.

968 2527 977 2552 Ι

235 2562 334 2613 tionem
347 2577 426 2633 poeta
441 2568 587 2619 exornavit.
602 2565 736 2618 —laurus
781 2567 924 2630 waremie,
940 2581 969 2616 nt
982 2585 1024 2636 ap.
1038 2565 1096 2616 Vai.
1113 2565 1153 2616 Ft.
1170 2569 1195 2632 1,
1214 2565 1279 2632 363,

234 2643 352 2692 victorin
366 2645 484 2714 signum,
497 2645 567 2698 unde
580 2647 666 2698 fasces
679 2648 735 2697 vic·
780 2647 827 2698 ubi
837 2665 861 2696 v.
872 2647 959 2698 Burin.

236 2723 330 2772 toriam
342 2725 493 2776 nuntiantes
506 2737 532 2776 et
543 2724 636 2776 iancea
648 2726 734 2776 nuntii
815 2727 875 2795 49¹·
898 2725 986 2797 'rapere
1000 2726 1113 2798 quadiu,
1132 2728 1230 2797 raptim
1246 2746 1279 2779 ea

235 2803 352 2852 victoria
367 2802 486 2855 laureata
499 2803 571 2875 apud
583 2807 733 2864 Romanum
778 2807 928 2876 percipere.
939 2805 980 2856 Cf.
994 2802 1065 2868 adl,
1078 2806 1137 2874 570.
1153 2809 1208 2856 Vox
1216 2825 1279 2878 quu-

235 2879 300 2933 Ceil.
309 2881 424 2932 Nauium
433 2881 607 2936 laterculorum
617 2885 735 2936 meminit
779 2887 822 2938 dia
832 2905 894 2937 mox
906 2903 1047 2958 perperam
1058 2889 1200 2956 repetitur,
1212 2889 1242 2936 ut
1253 2899 1280 2938 et

236 2962 313 3011 etiam
328 2960 432 3011 Vitruv.
445 2964 481 3027 11,
493 2963 508 3014 8
521 2963 626 3016 aDrair.
639 2964 735 3016 iauda-
777 2963 804 3016 cd
818 2966 903 3030 urba,
917 2963 1038 3018 nisihaec
1053 2965 1163 3017 vulnera
1177 2965 1279 3017 librarii

236 3049 287 3089 tus.
297 3069 333 3078 -
342 3039 402 3109 487.
411 3042 466 3110 jum
481 3042 575 3094 dudum
583 3065 592 3103 ,·
607 3045 641 3094 cf.
653 3063 734 3114 supra
779 3058 864 3116 poeta
876 3044 1034 3096 inflixerunt.
1046 3073 1081 3084 —
1090 3045 1150 3115 ⁴9²·
1163 3044 1282 3117 elaeusa·

129 3139 133 3152 ·
236 3115 269 3168 ad
278 3119 479 3186 v.372.-488.
488 3123 617 3174 Nauticus
626 3122 734 3191 cismar,
779 3143 851 3189 vota,
863 3137 891 3175 ut
902 3123 993 3195 efferri
1002 3123 1101 3188 studio,
1114 3123 1219 3188 letitia,
1233 3124 1280 3176 do·

236 3195 383 3262 celeusma,
400 3217 449 3250 nec
467 3213 555 3252 tamen
573 3204 680 3273 proprie
697 3205 734 3254 ita
778 3203 844 3272 lore,
855 3218 916 3270 ete,
926 3203 960 3256 de
971 3204 1155 3274 quavisanimi
1167 3219 1280 3255 commo·
1301 3269 1304 3276 Ι

236 3273 337 3328 dictum
348 3275 400 3346 (de
412 3295 465 3349 quo
475 3280 529 3332 vid.
544 3281 579 3332 ad
589 3281 641 3334 loc.
654 3282 731 3335 simii.
778 3284 865 3350 tione,
877 3297 904 3335 ct
916 3284 950 3336 de
965 3283 1020 3350 his,
1037 3302 1095 3354 qun
1112 3283 1174 3334 inde
1187 3285 1280 3334 oriun-

236 3353 434 3428 v1‚360⁸q.)‚
448 3357 495 3410 sed
510 3360 653 3427 clamores,
673 3365 733 3432 qui·
778 3375 829 3414 tur.
842 3361 920 3414 Conf.
936 3363 1041 3414 Ernesti
1054 3361 1128 3415 Ciav.
1141 3363 1226 3416 Cicer.

235 3432 286 3484 bue
299 3447 385 3486 naute
399 3435 441 3489 vei
453 3439 565 3510 remiges
577 3457 605 3492 ee
620 3440 733 3493 invicem
813 3440 873 3511 495.
891 3441 985 3494 muniti
995 3440 1122 3513 paudere,
1139 3441 1203 3511 quia
1217 3458 1281 3492 can·

235 3511 391 3579 hortantur,
401 3528 427 3566 et
437 3517 544 3586 quidem
554 3517 581 3570 h.
592 3517 610 3570 l.
620 3532 650 3571 ut
659 3521 734 3572 ocius
778 3542 834 3576 sam
842 3522 933 3595 gaudii
944 3526 1082 3596 ignorant,
1092 3523 1215 3593 adeoque
1223 3525 1280 3592 ejus

236 3596 312 3646 navia
325 3593 360 3646 ad
374 3593 436 3646 litua
450 3595 608 3668 adpeiintur.
631 3603 671 3652 ita
689 3619 732 3673 ap.
779 3623 858 3656 sensu
869 3604 1058 3657 destituuntur.
1072 3603 1150 3655 Conf.
1165 3621 1231 3674 quos
1245 3603 1279 3654 N.

236 3675 310 3745 Virg.
326 3675 426 3726 zEneid.
440 3677 489 3743 111,
507 3679 568 3738 1283
584 3680 641 3732 val.
655 3681 693 3732 ΕΙ.
709 3685 735 3748 1,
779 3685 870 3734 Heins.
880 3697 906 3735 et
916 3683 1032 3734 Drakon.
1042 3682 1167 3748 laudant,
1182 3685 1281 3734 Lucan.

239 3753 289 3805 186
299 3753 309 3820 (
318 3753 364 3804 ubi
375 3773 399 3805 v.
411 3759 484 3808 Voss.
496 3769 523 3809 et
531 3759 619 3810 Burin.
629 3761 639 3824 )
648 3772 674 3811 et
683 3763 735 3812 Lu·
780 3767 839 3830 vit,
857 3765 905 3832 38,
924 3765 958 3834 39
975 3765 1039 3833 (ubi
1057 3777 1146 3815 tantus
1161 3766 1280 3816 omnium

236 3849 295 3882 cau.
310 3833 347 3899 ΙΙ,
358 3835 418 3886 688.
432 3865 465 3874 -
476 3837 529 3906 489
540 3855 580 3908 sq.
598 3837 677 3890 simui
688 3842 735 3892 ad·
778 3845 865 3896 luctus
874 3844 956 3896 fnisse
966 3843 1074 3908 dicitur,
1083 3857 1112 3895 ut
1120 3845 1199 3896 etiarn
1208 3845 1283 3915 pueri

236 3911 346 3963 ductis...
358 3926 468 3985 pontus,
482 3929 509 3966 ut
522 3917 577 3968 fere
590 3935 671 3988 supra
685 3921 733 3988 vi,
778 3925 881 3996 injussi,
895 3924 922 3976 h.
931 3945 954 3976 e.
963 3924 1035 3975 uitro
1045 3924 1218 3995 ploraverint,
1227 3941 1282 3974 non

237 3989 287 4042 362
300 4009 351 4062 etp,
363 3993 408 4044 nbi
420 4013 445 4045 v.
457 4008 551 4047 not-
561 3999 671 4048 Cenum
683 4016 734 4050 uer·
779 4007 873 4057 moniti
885 4017 912 4057 et
923 4004 1022 4076 inpulsi
1038 4023 1052 4056 a
1066 4003 1222 4077 parentibus
1236 4023 1283 4056 nu·

238 4069 306 4138 bere,
325 4075 443 4125 contenis
462 4077 557 4140 retnis,
578 4090 608 4128 ut
626 4087 734 4130 centena
779 4083 948 4156 tricinum),
958 4086 1038 4136 iiiart.
1049 4086 1069 4150 i,
1079 4101 1166 4143 xxxiv.
1178 4082 1281 4143 a;Stat.

236 4151 325 4202 arbore
336 4170 379 4222 ap.
396 4153 466 4224 Vir-g.
480 4155 537 4206 AEn.
553 4156 592 4220 X,
610 4173 675 4226 207,
688 4157 735 4210 ubi
778 4163 828 4215 Th.
843 4165 879 4228 X,
893 4163 942 4216 562
955 4181 1027 4233 seq.‚
1040 4175 1066 4214 at
1077 4163 1168 4214 Senec.
1181 4161 1281 4214 Troad.

237 4243 261 4282 v,
271 4229 356 4283 Cerda
370 4245 396 4284 et
409 4233 506 4306 iieyne.
520 4235 659 4302 -sructus
667 4255 736 4308 pou·
779 4261 803 4292 r.
819 4243 870 4312 716
884 4259 925 4312 sq.
941 4253 974 4280 “-
987 4241 1046 4312 499.
1054 4240 1151 4312 fama,
1162 4241 1281 4292 nuntius.
