3054 4666
237 367 301 436 366
554 373 589 435 C.
614 371 740 438 SlLlI
763 378 958 447 ITALIGI

234 509 367 576 Elisisse
379 533 543 598 premens.
558 514 654 581 Tunc
666 516 776 584 fractis
788 521 916 589 ossibus
927 543 1030 596 atram

233 615 397 680 Absorbet
408 617 548 697 saniem,
563 637 596 684 et
607 619 683 686 tabo
695 631 850 692 manante
862 653 921 717 per
933 655 990 698 ora

157 714 165 732 “
232 723 341 787 Mutat
352 721 446 789 hians
459 721 604 805 bostem,
617 749 810 820 semesaque
823 737 972 804 membra
983 742 1150 834 relinquit.
1230 827 1234 838 Ι

232 825 402 892 Cedebant
409 827 478 918 jam
491 829 583 918 signa
595 850 698 912 retro,
712 837 884 928 victorque
897 859 1041 912 catervas

232 932 378 1020 Longius
389 951 517 1008 auectas
529 935 669 1004 adflatus
681 959 774 1028 peste
786 947 974 1033 premebat;
1229 975 1273 1029 ato

230 1039 341 1122 Quum
354 1038 485 1119 ductor,
498 1064 640 1132 propere
654 1064 840 1118 revocatam
851 1053 886 1116 in
898 1056 1009 1140 praelia
1022 1073 1163 1126 turmam

230 1145 375 1211 Vocibus
387 1145 563 1234 inpellens,
581 1176 594 1206 a
606 1149 816 1237 Serpentine,
830 1157 911 1222 Itala
922 1159 1043 1246 pubes,

229 1253 338 1340 Terga
350 1250 480 1332 damae,
495 1251 691 1342 Libycisque
703 1279 816 1344 parem
829 1285 896 1326 non
910 1285 981 1332 esse
993 1267 1134 1336 fatentur

166 1375 168 1380 “
229 1357 653 1446 AnguibusAusoniamPSi
666 1359 844 1429 debellavit
855 1365 977 1436 inertes

130 1521 139 1544 ,
230 1463 374 1544 Halitus,
387 1463 507 1528 acviso
520 1486 613 1528 mens
625 1486 711 1552 aegra
724 1467 970 1556 effluxitbiatu3
1180 1463 1187 1486 i
1229 1498 1272 1556 att

230 1567 292 1635 ibo
303 1568 423 1649 alacer,
437 1569 593 1657 solusque
605 1593 722 1636 manus
735 1595 936 1663 componere
948 1601 1095 1651 monstro

230 1673 416 1743 Sublicium.
429 1705 441 1734 t
457 1675 607 1740 Clamans
620 1674 705 1758 baec,
719 1695 818 1768 atque
831 1683 1001 1756 interritus
1012 1687 1139 1758 hastam

230 1783 404 1848 Fulmineo
415 1780 584 1847 volucrem
598 1799 731 1871 torquet
742 1789 913 1874 perinane
926 1791 1058 1862 lacerto.

230 1887 331 1952 Venit
342 1887 375 1951 in
384 1885 556 1955 adversam
569 1911 637 1953 non
648 1911 734 1955 vano
746 1894 880 1961 turbine
893 1897 1038 1966 frontem

229 1994 361 2082 Cuspis,
375 2009 422 2071 et,
435 1990 525 2056 haud
538 1993 673 2081 paulum
685 1997 772 2062 vires
784 1998 898 2091 adjuta
910 2009 1035 2072 ruentis
1227 2026 1272 2075 250

229 2105 351 2168 Contra
361 2098 480 2166 ardore
493 2101 586 2180 ferae,
600 2103 699 2192 capiti
712 2107 931 2177 tremebunda
942 2113 1075 2182 resedit.

229 2208 361 2274 Clamor
371 2205 413 2272 ad
426 2221 511 2272 astra
524 2205 636 2288 datur,
649 2233 817 2302 vocesque
830 2235 968 2304 repente
980 2221 1123 2308 profusae

229 2313 399 2380 AEthereas
411 2310 522 2378 adiere
536 2311 663 2387 dumos.
678 2319 770 2384 Furit
781 2320 871 2388 ilicet
881 2324 927 2389 ira

228 2420 422 2509 Terrigena‚
436 2419 598 2508 inpatiens
612 2419 690 2486 dare
702 2439 807 2513 terga,
822 2451 995 2522 novusque
1009 2431 1130 2514 dolori,

227 2598 305 2653 XXII,
319 2612 342 2645 et
352 2599 412 2658 inpr.
425 2597 528 2642 Gronov.
540 2597 606 2654 Obas.
618 2598 666 2653 ΙΙΙ,
680 2614 699 2646 ι.
710 2625 742 2635 -
753 2599 804 2648 236.
818 2613 870 2650 tune
877 2638 885 2660 ,
895 2621 941 2652 non
951 2623 1026 2663 nune,
1038 2607 1087 2655 Col.
1098 2621 1121 2654 et
1129 2610 1171 2655 Οι.
1184 2617 1231 2656 tunt
1241 2623 1274 2658 tu·

228 2675 272 2718 eite
284 2669 346 2716 dedit
358 2665 438 2714 beleb.
450 2667 496 2714 vid.
510 2667 539 2712 ad
548 2668 595 2725 ΙἸ,
609 2685 661 2730 ]99.
672 2695 703 2705 -
713 2671 765 2732 ²39·
780 2677 893 2738 victorque
908 2676 994 2724 seilicet
1009 2693 1117 2740 serpens,
1134 2694 1181 2724 nun
1192 2683 1274 2726 uictus·

226 2757 285 2808 que,
296 2740 373 2802 scripti
386 2751 409 2784 et
420 2739 446 2783 fl.
460 2752 480 2783 2.
492 2763 525 2774 -·
535 2739 586 2796 alo.
600 2749 702 2802 arreptas
715 2744 740 2788 ll.
760 2759 788 2798 2;
801 2755 901 2792 arrectas
912 2747 969 2793 Tell.
982 2775 1013 2784 -
1026 2747 1078 2812 247.
1098 2749 1144 2795 lioee
1155 2749 1271 2807 claumos,

225 2823 294 2876 atque
306 2809 468 2874 imperterritus
478 2806 578 2854 malebat
589 2810 618 2854 N.
632 2811 709 2856 lleina.
720 2837 752 2846 -
763 2813 815 2870 248.
825 2831 868 2878 prr
879 2819 945 2862 inune
956 2817 1007 2864 Col.
1019 2819 1065 2864 tirl.
1080 2831 1128 2866 not.
1143 2819 1173 2865 ad
1186 2821 1212 2876 Ι,
1225 2835 1254 2882 97
1264 2838 1272 2878 ς

223 2875 290 2952 fimo
300 2897 327 2927 ve
338 2883 412 2928 Οιοιι,
425 2877 488 2940 quod
498 2879 581 2924 eodem
593 2880 664 2928 ducit.
678 2883 735 2927 Hinc
747 2896 803 2930 orta
819 2885 929 2936 aberratt.
944 2891 1060 2952 primove,
1074 2894 1199 2953 primamne
1207 2925 1214 2946 ,
1223 2893 1272 2953 pri·

224 2969 329 3019 numque
339 2965 362 2999 et
371 2952 520 3013 primumque.
531 2976 563 2986 -
573 2951 623 2998 251.
628 2952 692 3015 ferri
699 2955 789 3002 refinxit
800 2958 881 3006 Leleb.
891 2959 942 3007 coll.
953 2976 975 3006 v.
990 2961 1049 3017 268,
1063 2975 1179 3026 tamquam
1189 2964 1271 3025 οιφ]’-

225 3029 298 3075 sitius.
308 3049 339 3061 -
350 3023 402 3068 252.
415 3021 492 3077 dotto,
502 3037 550 3066 non
559 3021 627 3068 datus
634 3057 641 3079 ,
652 3027 730 3087 scripti
742 3038 765 3071 et
774 3029 801 3073 n.
816 3044 836 3074 a.
849 3055 881 3065 —
892 3031 944 3078 253.
959 3033 998 3076 iroe
1011 3031 1103 3078 volebat
1115 3035 1143 3080 tt.
1155 3034 1232 3079 lleins.
1246 3045 1273 3080 ut

224 3103 264 3147 tm
278 3099 389 3162 inpatiens
396 3128 404 3150 ,
415 3093 453 3142 vel
463 3097 503 3139 ἕνα]
519 3093 573 3140 dore
585 3104 646 3160 tarqa
657 3099 766 3160 inpatiens
774 3101 910 3164 jungantur.
925 3103 970 3150 Sed
981 3119 1038 3152 num
1050 3119 1146 3168 serpena
1157 3107 1196 3151 irre
1209 3107 1272 3168 inpa-

224 3175 283 3219 tiens
295 3179 356 3232 tanqu
368 3166 449 3212 dabit?
459 3181 488 3212 an
500 3168 540 3212 tre
552 3170 603 3232 quis
617 3178 677 3233 oerqu
688 3171 742 3216 dm
753 3175 847 3232 potest?
856 3175 917 3235 Quitl
927 3192 983 3224 vero
995 3191 1069 3223 caute
1082 3188 1131 3232 eet,
1146 3193 1187 3224 cnr
1198 3173 1225 3223 ui
1237 3179 1271 3222 ira

217 3245 300 3310 juvere
308 3239 443 3303 displiceat?
454 3237 558 3285 Studium
568 3241 674 3304 captandi
684 3243 843 3306 exquisitiores
854 3243 965 3308 loquendi
973 3249 1056 3294 modos
1064 3283 1071 3305 ‚
1081 3250 1135 3309 (ιή]
1144 3251 1267 3312 tmpau‘erts.

224 3330 247 3364 ς,
252 3315 314 3379 furit
323 3313 392 3372 dan)
401 3323 427 3358 ut
437 3327 497 3374 saepe
506 3345 512 3366 ‚
523 3311 600 3358 fraudi
609 3313 679 3360 luisse
688 3314 779 3362 videtur
788 3316 839 3362 viro
851 3319 992 3366 doctissimo.
1001 3347 1034 3356 -
1044 3319 1096 3377 254.
1107 3337 1222 3386 novusque
1232 3322 1270 3367 do·

225 3386 279 3434 loris
287 3385 351 3445 Ιποιῇ.
362 3383 440 3430 num.
454 3380 516 3426 conl.
529 3394 578 3429 not.
592 3382 622 3430 ad
632 3385 672 3440 tv,
685 3384 736 3431 530.
750 3385 795 3432 Sed
807 3387 897 3450 vulgata
909 3405 1004 3453 qnoque
1015 3389 1075 3436 bene
1089 3407 1114 3437 ae
1125 3389 1210 3448 haben
1223 3389 1268 3437 vid.

223 3457 315 3504 Ernesti
323 3452 353 3500 ad
362 3454 417 3498 Tae.
431 3453 506 3513 Agite.
517 3468 538 3497 e.
553 3452 595 3510 16,
608 3465 631 3499 et
642 3455 701 3502 Anu.
715 3457 741 3514 Ι,
753 3457 782 3512 3,
796 3474 832 3520 pr.
846 3477 866 3505 c.
881 3473 925 3516 ao,
938 3473 994 3508 extr.
1008 3463 1079 3519 etii,
1092 3461 1135 3518 66,
1149 3460 1269 3524 exquibus

224 3603 321 3668 ΕΜ,
331 3601 391 3672 469.
399 3633 436 3641 -
444 3599 503 3654 238.
514 3603 602 3656 Mutat
612 3602 707 3657 bostem
714 3645 723 3673 ,
768 3621 796 3659 ta
805 3625 853 3658 vos
866 3607 994 3661 destituit.
1005 3611 1082 3664 Gonf.
1093 3611 1147 3664 Cic.
1159 3609 1229 3658 Brut.
1240 3623 1264 3656 c.

223 3683 295 3740 conf.
307 3680 341 3734 ad
349 3680 382 3746 V,
393 3681 453 3736 ato
461 3711 497 3720 -
508 3682 568 3752 ²39·
578 3683 666 3755 siqua,
677 3685 724 3736 mi·
767 3685 815 3755 61;
829 3687 917 3742 Livius
927 3691 987 3755 vll,
1003 3691 1043 3757 il.
1056 3719 1091 3729 -
1103 3687 1161 3756 246.
1174 3703 1267 3738 manus

193 3793 194 3796 ¹
222 3761 398 3827 litote-240·
409 3759 520 3836 adflato
523 3772 607 3832 peste,
617 3774 647 3814 ut
654 3779 722 3815 vera.
766 3783 932 3840 componam,
945 3769 998 3820 vid.
1015 3769 1086 3834 adl,
1102 3770 1144 3836 39.
1157 3795 1192 3806 -
1205 3765 1265 3833 249.

225 3842 283 3912 159·
306 3871 343 3881 -
362 3840 512 3913 premebat,
538 3841 722 3913 persequebat—
767 3865 820 3900 τιον]
836 3867 904 3901 uano
917 3851 1029 3916 nerbiue,
1044 3865 1098 3900 non
1112 3847 1187 3898 irrito
1201 3845 1265 3896 ietu.

221 3937 273 3978 tur.
285 3951 320 3967 «-
331 3919 381 3989 ala
394 3938 468 3993 seqq.
483 3921 564 3974 Dralr.
582 3935 722 3994 comparat
802 3925 868 3992 250,
882 3927 941 3980 251.
954 3927 995 3980 Cl.
1007 3927 1052 3995 ΙΙΙ,
1069 3926 1117 3979 136
1132 3944 1171 3998 sq.
1184 3922 1265 3978 Drak-

220 4007 258 4070 ll,
272 4003 323 4056 aab
334 4019 373 4073 sq.
384 4004 429 4069 Ν,
442 4002 493 4070 40]
503 4003 599 4073 teq.V‚
611 4003 671 4070 filo.
683 4035 720 4047 -··
763 4035 799 4046 -
808 4005 866 4077 254.
883 4006 1035 4080 Tamiqma,
1050 4005 1103 4058 rid.
1119 4003 1154 4057 ad
1167 4023 1193 4057 v.
1208 4003 1265 4057 152.

223 4081 720 4159 albaterreffluaitmnnteeapties·
762 4114 798 4126 -·
822 4085 885 4140 dare
901 4097 984 4162 terqa,
1003 4087 1133 4158 exquisite
1149 4104 1199 4159 pro
1223 4095 1267 4138 su·

219 4168 350 4232 uanam
361 4161 580 4230 oenomelum
587 4168 719 4222 maturie·
761 4169 859 4240 parari.
876 4197 912 4212 -
926 4187 1005 4228 noete
1024 4167 1110 4224 dolori
1128 4170 1175 4242 qui
1195 4168 1266 4239 ejus·
